3098 5130
181 519 247 564 cue.
263 507 349 591 xxti]
464 528 508 577 ou
531 529 768 580 unstcnntsso
790 533 853 581 isto.
874 532 893 580 ι.

179 700 209 744 ut
232 706 288 744 non
311 689 405 744 solum
434 689 556 745 istorum
584 701 762 758 sanctorum,
798 711 897 748 verum
928 695 1017 750 eciam
1043 708 1168 771 propter

178 776 300 831 istorum
328 776 513 853 sanguinem,
541 777 633 833 onmis
665 779 788 856 sanguis
808 781 1030 854 precedencium
1054 795 1167 840 saucto-

178 882 243 918 rum
268 863 364 918 ueniat
386 881 476 942 super
500 883 557 920 nos.

220 950 306 1007 Nunc
338 951 473 1007 virtutem
498 951 629 1027 ipsorum
654 954 810 1009 verborum
843 955 1006 1011 uideamus:
1034 957 1167 1014 Ostendit
1186 969 1220 1012 tte
1235 971 1288 1013 who
1303 973 1362 1033 uitis

151 1038 238 1113 §ipse
253 1038 302 1112 qui
322 1038 460 1115 intelligit
484 1039 576 1094 corda
602 1057 714 1111 eorum,
737 1040 786 1114 qui
807 1041 881 1097 tales
903 1055 978 1115 sunt,
1003 1055 1033 1099 ut
1048 1045 1166 1120 saciant
1191 1024 1370 1132 ¹}„{fl,³0⁵s¹¹}„¹⁵

176 1125 254 1199 quod
266 1125 407 1199 jecerunt
420 1137 522 1201 potres
535 1145 645 1187 eorum.
664 1128 740 1183 Nam
757 1129 836 1203 apud
849 1129 942 1185 Deum
959 1131 1008 1205 qui
1022 1131 1164 1188 hominem

175 1212 308 1269 occidere
320 1213 456 1289 disponit,
472 1226 626 1289 antequam
638 1215 761 1292 occidat,
777 1215 861 1290 quasi
875 1217 1020 1272 homicida
1031 1219 1163 1278 babetur.

175 1299 215 1355 Et
231 1299 279 1374 qui
294 1300 470 1357 adulterium
488 1301 670 1358 committere
688 1313 814 1377 paratus
837 1314 889 1372 est,
912 1316 1064 1379 antequam
1088 1324 1164 1362 com·

176 1387 279 1458 mittat,
313 1387 371 1443 iam
404 1388 523 1445 adulter
555 1399 597 1444 est
620 1390 700 1464 apud
721 1389 827 1446 Deum.
861 1389 902 1446 Et
927 1391 978 1467 qui
1005 1393 1166 1469 periurare

132 1485 298 1550 soporatus
330 1484 381 1545 est,
414 1486 567 1551 antequam
587 1476 730 1551 periuret,
768 1477 825 1532 iam
861 1479 1002 1553 periurus
1040 1480 1164 1551 videtur,

175 1561 240 1636 quia
267 1562 346 1618 Deus
369 1580 425 1618 nou
448 1580 488 1619 ex
510 1563 646 1639 operibus
668 1563 777 1619 iudicat
800 1564 853 1620 sed
876 1583 915 1621 ex
937 1567 1164 1644 cogitationibus

175 1648 283 1720 cordis,
302 1649 413 1706 dicente
427 1649 583 1726 Apostolo:
610 1650 814 1706 Testimonium
832 1653 972 1708 reddente
988 1655 1163 1710 consciencia

175 1754 275 1792 eorum
292 1746 320 1793 et
335 1737 564 1813 cogitacionibus
580 1737 700 1793 invicem
717 1738 919 1796 accusantibus
943 1758 975 1796 se
995 1753 1045 1796 aut
1073 1742 1162 1797 eciam

175 1823 395 1897 defendentibus
426 1824 454 1879 in
487 1824 533 1880 die
556 1824 663 1895 iudicii,
694 1825 762 1901 quia
786 1825 923 1882 iudicabit
946 1827 1027 1884 Deus
1050 1830 1162 1885 occulta

133 1910 331 1966 uoluminum.
373 1911 512 1968 Voluntas
534 1911 608 1968 euim
641 1922 685 1967 est
716 1930 769 1988 que
801 1924 850 1968 aut
878 1926 1085 1971 remuneratur
1103 1934 1162 1992 pro

173 1998 247 2053 bono
279 2008 328 2052 aut
360 1998 593 2075 condempnatur
621 2017 680 2074 pro
712 2000 800 2056 malo.
839 2000 936 2076 Opera
967 2013 1063 2057 autem
1095 2016 1162 2059 sunt

173 2084 335 2140 testimonia
369 2086 534 2142 uoluntatis.
572 2086 608 2141 Ut
636 2086 706 2160 quid
737 2105 811 2165 ergo
843 2099 977 2163 expectat
1001 2107 1090 2165 opera
1114 2092 1164 2165 qui

173 2172 381 2228 conscienciam
414 2173 516 2228 nouit?
548 2172 698 2247 Numquid
729 2185 756 2229 et
788 2186 818 2229 tu
847 2174 875 2230 in
910 2176 1006 2251 aliquo
1039 2178 1160 2254 negocio

171 2259 336 2315 testimonio
368 2260 477 2334 queris,
508 2277 572 2316 cum
604 2260 657 2316 tibi
687 2277 735 2315 res
763 2260 826 2335 ipsa
848 2262 947 2336 suerit
980 2264 1161 2338 manifesta?

128 2363 161 2398 20
217 2346 275 2403 Sed
298 2346 385 2402 dicis:
413 2347 446 2402 Si
475 2347 632 2403 secuudum
662 2348 837 2403 voluntatem
867 2349 977 2405 iudicat
1009 2362 1036 2406 et
1070 2369 1159 2425 opera
1223 2361 1275 2404 Men
1291 2375 1349 2423 are¹

171 2451 228 2489 non
252 2444 397 2509 expectat,
422 2452 478 2491 non
502 2434 625 2491 misisset
647 2435 687 2489 od
710 2452 758 2491 eos
772 2436 933 2510 prophetas
956 2447 983 2492 et
1006 2437 1158 2512 sepientes,
1179 2413 1367 2511 ‘'nffifffssffl

171 2531 202 2576 ut
234 2520 291 2577 duo
323 2521 396 2577 bona
418 2521 538 2597 fierent.
569 2522 638 2577 Ideo
667 2531 802 2596 expectat
832 2533 862 2578 ut
891 2523 973 2579 Iudei
1001 2524 1158 2580 secundum
1170 2519 1357 2615 mffflssblghsssffcegl,

170 2607 363 2664 consciencias
385 2626 454 2665 suas
475 2609 555 2665 solas
582 2609 867 2685 condempnarentur
889 2620 917 2665 et
940 2610 1009 2666 iusti
1031 2612 1160 2668 homines
1209 2583 1251 2666 ybe
1266 2588 1325 2678 juin
1360 2588 1374 2614 ⁰

171 2713 227 2751 non
250 2695 462 2753 occiderentur.
497 2695 538 2751 Et
559 2696 623 2770 quis
645 2696 699 2751 scit
722 2696 787 2770 quia
811 2698 906 2753 malus
929 2697 1002 2754 iuste
1024 2699 1158 2754 condem-

126 2787 255 2838 nbnatus
287 2794 329 2838 est
360 2792 486 2858 propter
519 2783 665 2839 maliciam
690 2801 783 2852 suam,
817 2784 873 2840 uisi
904 2784 1159 2842 demonstraretur

169 2869 197 2926 in
221 2887 317 2944 opere.
356 2869 449 2938 Quale
481 2881 522 2926 est
554 2870 628 2926 enim
662 2870 737 2926 illud
766 2870 901 2928 iudicium
930 2872 1045 2943 iustum,
1078 2873 1159 2929 cuius

170 2956 315 3012 iusticiam
339 2975 422 3012 nemo
445 2957 620 3033 cognoscit?
651 2957 717 3013 Nou
746 2975 820 3035 ergo
844 2958 926 3015 Deus
947 2961 1043 3036 querit
1067 2978 1158 3035 opera

165 3054 291 3119 propter
312 3062 353 3113 se,
378 3055 408 3098 ut
431 3044 505 3099 sciat
528 3045 673 3118 quomodo
696 3045 811 3115 iudicet,
844 3046 897 3101 sed
924 3059 1050 3122 propter
1073 3047 1157 3119 alios,

169 3142 199 3186 ut
222 3149 320 3187 omnes
353 3131 518 3208 intelligant
549 3131 616 3205 quia
649 3132 741 3187 iustus
773 3143 815 3188 est
846 3133 936 3191 Deus.
971 3134 1046 3189 Nam
1075 3134 1157 3191 Deus

125 3224 158 3272 30
168 3217 282 3294 quidem
299 3217 426 3274 omnium
444 3218 536 3274 corda
553 3219 701 3296 cognoscit
718 3229 745 3275 et
765 3219 913 3275 hominum
930 3231 957 3276 et
979 3221 1154 3298 angelorum

168 3316 195 3362 et
217 3305 373 3380 spirituum
397 3315 573 3377 ceterorum,
608 3324 661 3362 cor
688 3316 783 3362 autem
807 3306 866 3363 Dei
888 3326 971 3364 nemo
995 3309 1155 3385 cognoscit,

167 3410 258 3468 neque
288 3392 390 3469 angeli
419 3410 510 3469 neque
541 3393 686 3462 homines,·
722 3393 786 3448 ideo
818 3412 893 3471 ergo
927 3405 954 3450 et
986 3395 1072 3451 malis
1105 3397 1155 3450 dat

168 3479 359 3546 occasionem,
383 3497 440 3554 per
463 3497 548 3554 quam
572 3480 600 3535 in
624 3481 760 3556 operibus
792 3480 945 3537 ostendant
969 3483 1153 3557 propositum

167 3567 323 3623 voluntatis
361 3584 420 3634 sue,
452 3567 527 3623 sicut
560 3567 639 3623 dedit
670 3567 775 3624 scribis
807 3578 834 3624 et
861 3569 1010 3644 phariseis
1040 3569 1154 3625 mittens

125 3654 207 3710 35ad
230 3672 279 3710 eos
306 3654 479 3729 prophetas,
512 3654 656 3730 sapientes
679 3665 706 3710 et
728 3655 849 3711 scribas.
884 3655 923 3710 Et
951 3656 1031 3711 bonis
1051 3658 1154 3731 prebet
1169 3663 1236 3706 white
1252 3666 1289 3707 1¹¹0
1303 3667 1364 3718 good

167 3741 346 3798 occasionem
367 3758 424 3816 per
446 3758 531 3816 quam
556 3742 707 3798 ostendant
720 3742 904 3817 propositum
922 3743 1078 3798 uoluntatis
1093 3761 1153 3814 sue,
1172 3779 1186 3809 0
1207 3718 1324 3821 ἓὲἶῐῖᾇιῆζ
1339 3780 1362 3813 ο,

167 3829 241 3885 sicut
261 3827 415 3904 prophetis
448 3839 475 3884 et
506 3829 684 3904 sapientibus
716 3840 743 3884 et
776 3829 881 3885 scribis
904 3830 964 3885 suis
987 3830 1152 3885 doctrinam
1177 3780 1359 3926 ⁵bffl'ffiffllf

163 3916 292 3992 prebuit,
325 3915 457 3971 excitans
488 3934 578 3991 super
609 3934 659 3972 eos
678 3916 913 3991 persecucionem
937 3917 1102 3972 scribarum
1126 3930 1153 3973 et
1324 3907 1329 3917 ’

162 4002 382 4078 phariseorum,
416 4014 447 4059 ut
478 4021 533 4059 non
565 4004 627 4059 siue
658 4021 746 4059 causo
782 4014 919 4078 quantum
951 4004 992 4059 od
1023 4004 1154 4060 homines

218 4215 235 4246 1.
250 4203 280 4247 B:
295 4216 342 4248 non
355 4204 429 4248 solum
440 4205 546 4262 sanguis.
613 4219 636 4254 4.
651 4204 707 4248 Ain
719 4217 806 4260 marg.=
823 4205 890 4248 Nota.
946 4205 966 4248 5.
982 4205 1071 4249 Codd.:
1087 4207 1151 4262 quia.

165 4255 187 4309 8,
202 4257 274 4311 9.A:
289 4257 415 4300 commititt.
479 4269 512 4309 ¹4·
527 4256 558 4300 B:
574 4257 658 4300 iudicii
670 4258 741 4300 deest.
795 4269 825 4301 21.
841 4260 874 4301 A:
891 4257 922 4300 ad
937 4258 1009 4301 deest.
1068 4260 1151 4301 onA:

165 4308 319 4364 ut-Jierent
332 4309 409 4356 deest:
424 4310 456 4353 ib.
471 4309 502 4352 B:
517 4310 562 4352 etsi
575 4308 648 4352 Iudei.
715 4320 750 4369 29.
766 4311 800 4353 A:
815 4314 878 4366 quod
891 4310 965 4354 iustus
978 4315 1018 4353 cst.
1072 4309 1104 4354 33.
1120 4312 1150 4354 B:

170 4361 316 4411 ostendatur.
383 4360 415 4406 35.
430 4364 464 4405 A:
480 4367 502 4405 et
515 4362 638 4417 sapientes.
706 4359 741 4406 30.
756 4364 791 4405 A:
806 4361 950 4405 ostendatur.

222 4483 260 4519 12.
279 4470 356 4519 Rom.
375 4469 405 4532 11,
428 4469 466 4532 15,
489 4468 527 4520 16.
