3098 5130
212 490 278 534 cst.
300 480 393 561 cxvi]
492 497 536 545 nr.
556 495 793 546 ANthHtttsTO
814 497 876 545 iro.
897 498 913 545 r.

212 655 378 729 intelligere
402 675 507 713 omnes
537 669 566 712 et
594 656 727 730 singulos
751 656 938 714 iudicandos.
980 659 1093 714 Omnes
1118 658 1197 715 enim

212 742 253 798 illi
279 744 399 799 fuerunt
417 743 445 798 in
464 763 518 800 sua
535 743 743 801 adolescencia
768 762 863 819 prope
879 758 991 801 statum
1010 744 1197 815 innocencie,

213 844 240 885 et
265 849 332 886 cum
358 849 463 887 omnes
493 833 664 888 babuerunt
688 831 872 888 desiderium
904 833 1043 888 naturale
1067 834 1104 888 ad
1130 835 1198 888 bea-

212 916 371 974 titudinem
408 932 435 974 et
460 919 585 975 omnino
610 918 640 974 in
665 918 713 975 die
737 918 852 988 iudicii,
881 938 942 975 non
967 918 1076 976 mirum
1112 919 1136 974 si
1160 921 1197 975 ad

188 1009 331 1061 §sensum
357 1007 436 1062 hunc
461 1005 669 1079 parabolicum
688 1005 875 1080 dampnandi
900 1006 1050 1063 salvandis
1074 1005 1198 1080 singulis

213 1091 312 1149 taliter
336 1107 571 1166 conquerantur.

255 1179 460 1236 Crisostomus
497 1195 598 1237 autern
638 1198 731 1254 super
763 1179 819 1236 isto
852 1193 934 1237 textu
966 1179 1009 1236 sic
1047 1180 1195 1254 loquitur:
1228 1188 1395 1252 Ctnysouomg

211 1267 409 1345 Extinguitur
432 1269 546 1343 lampas
570 1268 702 1333 hominis,
725 1269 840 1342 quando
856 1268 936 1343 fides
960 1268 1020 1324 eius
1044 1267 1141 1343 deficit
1164 1286 1198 1324 ac
1217 1242 1404 1356 iffffiigslffi'

211 1355 355 1429 desperat.
381 1355 461 1410 Sicut
477 1355 551 1411 enim
575 1355 625 1429 qui
647 1356 716 1411 bene
733 1355 788 1411 sibi
810 1356 941 1411 conscius
957 1366 998 1412 est
1013 1355 1199 1431 fiducialiter
1217 1347 1367 1442 llletffectffgfl
1383 1351 1408 1390 ⁰¹

172 1453 237 1495 roet
260 1442 489 1519 magnanimiter
526 1442 590 1519 agit
622 1453 649 1496 et
671 1443 915 1516 quemadmodum
938 1443 974 1525 'si
1004 1443 1067 1516 quis
1100 1443 1197 1517 infuso
1309 1413 1361 1451 '³'

210 1529 272 1583 oleo
296 1529 387 1584 addat
412 1530 508 1585 lumen
534 1530 651 1585 lucerne
679 1529 721 1585 sic
744 1541 770 1585 et
798 1527 848 1584 ille
871 1530 1108 1587 consideracione
1131 1547 1197 1605 ope·

211 1634 274 1669 rum
299 1634 420 1671 suorum
444 1618 586 1673 botrorum
610 1615 792 1691 semetipsum
819 1617 968 1691 confortat
997 1628 1024 1672 et
1039 1616 1116 1693 fidei
1146 1634 1198 1672 sue

209 1703 291 1758 addit
313 1703 477 1759 audaciam.
507 1703 565 1772 Qui
580 1714 675 1758 autem
692 1703 747 1759 sibi
762 1704 839 1760 male
861 1704 991 1760 conscius
1007 1715 1058 1774 est,
1082 1722 1198 1778 semper

207 1789 402 1863 pusillanimis
435 1809 469 1846 ac
493 1791 611 1846 timidus
634 1802 685 1846 est.
724 1790 764 1845 Et
786 1792 1030 1865 quemadmodum
1055 1791 1197 1847 subducto

172 1877 272 1932 rioleo
298 1877 439 1932 minuitur
471 1879 566 1933 lumen
600 1878 727 1948 lucerne,
765 1878 806 1933 sic
829 1889 857 1933 et
884 1879 934 1934 ille
961 1877 1198 1935 consideracione

210 1981 329 2038 operum
354 1983 475 2021 suorum
500 1965 645 2022 titulorum
669 1976 757 2020 semet
786 1965 880 2039 ipsum
904 1966 1055 2041 confundit
1084 1976 1110 2021 et
1133 1963 1196 2041 infi-

210 2051 322 2106 delitati
343 2069 394 2107 sue
413 2052 511 2107 adhuc
535 2052 734 2128 diffideuciam
758 2052 849 2107 addit.
875 2053 943 2108 Ideo
966 2071 1040 2130 ergo
1065 2052 1197 2107 timentes

205 2150 375 2211 peccatores
406 2140 445 2194 ad
467 2149 583 2195 sanctos
612 2138 721 2193 dicturi
742 2151 823 2194 sunt:
861 2140 938 2194 Date
971 2139 1051 2195 nobis
1075 2139 1110 2194 de
1133 2139 1196 2195 oleo

210 2237 317 2293 uestro,
341 2227 395 2282 boc
411 2237 463 2295 est,
489 2244 540 2281 vos
555 2225 650 2281 sancti
670 2225 720 2300 qui
735 2226 845 2281 habetis
869 2244 959 2301 opera
977 2226 1066 2303 larga
1083 2225 1196 2282 iusticie

119 2311 181 2376 428¹
208 2312 388 2388 sufficiencia
422 2313 501 2370 vobis
521 2307 525 2391 l
546 2331 602 2368 mm
625 2313 718 2369 solum
754 2314 793 2368 ad
815 2314 994 2368 euadendum
1016 2331 1120 2387 penam
1144 2313 1196 2369 sed

208 2400 297 2454 eciam
315 2401 355 2454 ad
368 2400 499 2478 gloriam
520 2402 761 2474 consequendam,
778 2402 997 2457 accommodate
1013 2400 1094 2455 nobis
1110 2401 1194 2456 auxi-

209 2486 278 2541 lium
303 2505 422 2563 operum
447 2490 588 2544 botrorum
614 2499 790 2552 vestrorum,
819 2487 849 2542 id
871 2499 924 2558 est,
948 2487 1116 2543 intercedite
1136 2506 1194 2562 pro

209 2574 289 2629 nobis
307 2575 511 2649 peccatoribus
534 2575 574 2629 ad
590 2575 760 2640 Dominum,
784 2574 848 2647 quia
872 2575 985 2631 iusticia
1011 2584 1107 2630 uestra
1132 2575 1193 2649 sus-

208 2660 314 2736 ficiens
337 2673 379 2716 est
403 2673 429 2717 et
455 2681 505 2718 uos
526 2662 700 2738 glorificare
727 2672 753 2716 et
777 2680 828 2715 nos
852 2679 1006 2718 excusare.
1043 2661 1105 2717 Hec
1130 2660 1194 2716 Cri·

166 2762 368 2803 ausostomus.

250 2834 376 2891 Videtur
393 2834 481 2891 istum
500 2848 637 2893 sanctum
656 2835 781 2892 innuere
797 2835 880 2909 quod
897 2834 955 2890 ista
973 2834 1070 2890 diccio
1087 2836 1193 2908 damp-
1223 2861 1273 2905 «ph,
1289 2863 1393 2906 doctrine

207 2924 376 2978 bandorum
412 2924 450 2979 ad
478 2937 598 2979 sanctos
631 2922 668 2978 sit
702 2924 793 2997 paulo
827 2936 897 2978 ante
922 2921 1010 2978 finale
1035 2920 1192 2992 iudicium,
1229 2915 1379 3010 coniiiiiied

207 3027 274 3064 cum
308 3023 379 3065 tunc
412 3011 566 3066 habebunt
599 3009 719 3084 reprobi
759 3008 883 3084 quidam
909 3007 1131 3065 conscienciam
1156 3009 1193 3064 de
1275 3021 1335 3062 non.

206 3114 259 3152 sua
283 3095 462 3153 infidelitate
486 3110 515 3153 et
539 3096 686 3170 perversis
711 3095 864 3170 operibus,
893 3095 971 3152 sicut
995 3101 1078 3170 patet
1102 3109 1130 3151 et
1153 3097 1192 3151 ad

164 3181 335 3240 torinnam
366 3186 403 3240 de
433 3183 582 3255 hereticis,
618 3184 670 3258 qui
695 3184 723 3239 in
749 3182 877 3240 materia
901 3185 937 3239 de
966 3183 1064 3239 hostia
1089 3201 1191 3239 conse-

206 3286 288 3328 crata
317 3271 424 3327 nolunt
461 3273 588 3345 prodere
617 3271 707 3328 fidem
738 3290 834 3341 suam,
868 3270 939 3346 quia
972 3289 1040 3326 cum
1074 3269 1191 3326 Veritas

206 3370 335 3414 testatur
359 3358 415 3413 sibi
439 3359 580 3414 omnibus
606 3357 713 3428 modis,
739 3357 868 3415 convicti
893 3360 930 3414 de
954 3357 1080 3414 veritate
1105 3376 1190 3414 evan-

205 3445 299 3516 gelica
331 3459 359 3502 et
392 3445 542 3519 desperati
576 3448 689 3502 desua
722 3445 899 3519 ignorancia
933 3443 1038 3501 timent
1063 3446 1191 3518 prodere

205 3551 289 3588 suam
315 3532 473 3606 perfidiam
491 3547 761 3607 quantumcunque
786 3535 867 3606 large
891 3551 907 3588 a
933 3532 1070 3587 lidelibus
1094 3532 1189 3588 eciam

162 3624 191 3673 35
206 3620 350 3676 militibus
375 3621 596 3678 conducantur.
621 3621 680 3677 Sed
705 3620 807 3676 fideles
824 3621 934 3677 debent
960 3618 989 3674 in
1015 3619 1071 3674 isto
1089 3637 1191 3692 exper-

204 3707 317 3779 giscere
342 3720 370 3762 et
395 3707 554 3762 confortati
586 3707 616 3763 in
642 3707 699 3762 fide
724 3707 846 3762 Domini
881 3706 953 3762 istos
986 3705 1133 3761 hereticos
1157 3724 1190 3760 ex

204 3795 313 3850 timore
337 3794 393 3849 isto
417 3794 514 3849 servili
541 3793 729 3850 convincere.

247 3881 390 3956 Sequitur
415 3881 444 3936 in
469 3894 548 3937 testu
574 3881 630 3938 isto
648 3881 787 3937 Mattbei:
815 3882 1039 3955 Responderunt
1060 3881 1189 3956 pruden-

203 3980 245 4024 tes
269 3970 410 4024 dicentes:
446 3970 488 4024 Ne
511 3970 598 4044 sorte
626 3988 681 4025 nou
704 3969 834 4045 sufficiat
867 3968 947 4023 nobis
979 3980 1004 4023 et
1030 3969 1118 4037 trabis,
1154 3968 1192 4023 ite

254 4272 273 4302 r.
290 4261 309 4301 Α
325 4261 347 4301 in
360 4271 446 4309 marn:
463 4258 626 4301 (Irr'snetnmus.
682 4271 704 4303 o.
721 4259 753 4300 A:
769 4257 874 4300 conscius
885 4259 956 4299 deest.
1011 4256 1044 4299 23.
1059 4260 1093 4300 A:
1107 4268 1190 4312 peeca-

202 4288 291 4353 turtius
307 4313 377 4353 deest.
446 4313 480 4353 ati.
498 4314 517 4352 Α
533 4312 555 4353 in
573 4323 657 4363 marg:
673 4311 799 4352 lebannes.
868 4308 900 4351 32.
917 4311 1090 4362 ilreoniunctr'.

256 4453 279 4499 7.
300 4439 350 4501 Op.
371 4439 434 4501 lmp.
454 4437 470 4484 l.
490 4452 511 4484 c.
532 4451 589 4501 pag.
611 4434 669 4486 362.
742 4437 781 4487 38.
801 4434 891 4485 llatth.
910 4436 989 4497 XXV,
1008 4451 1033 4502 9,
1056 4451 1094 4484 10.
