3098 5130
214 510 281 553 cm.
299 495 384 578 xm}
494 513 539 562 oe
560 511 797 562 ANTchRlSTO
818 511 881 561 mn.
900 510 918 560 1.

211 674 344 729 occidunt
373 686 399 730 et
423 674 555 749 lapidant
582 693 639 730 eos.
677 674 712 729 th
735 685 831 730 autem
861 673 1014 747 manifeste
1037 689 1198 750 cognoscas

210 761 355 835 quomodo
376 762 521 836 prophete
548 773 576 817 et
607 761 734 836 apostoli
760 760 796 815 ab
820 760 954 816 hereticis
977 759 1149 815 occiduntur
1173 770 1198 814 et

211 848 390 923 lapidantur.
408 849 539 924 primum
562 849 693 925 intellige
709 848 852 922 quomodo
869 847 998 903 nascitur
1018 844 1155 904 Christus
1170 847 1198 902 in

210 936 290 991 nobis
322 948 350 992 et
375 937 519 1011 quomodo
551 935 703 991 acciditur.
746 936 871 1003 Quando
899 935 973 990 enim
997 934 1144 991 credimus
1170 935 1198 988 in

186 1023 372 1088 §Christum
415 1024 564 1079 Christian
592 1040 771 1099 generamus
797 1033 824 1078 et
845 1022 1018 1097 formamus
1047 1021 1075 1077 in
1108 1021 1198 1091 uobiS,

208 1110 281 1164 sicut
314 1111 383 1166 dicit
414 1112 570 1185 Apostolus
604 1110 755 1166 Galathis:
792 1110 863 1164 Filii
892 1109 950 1165 mei
986 1126 1056 1182 quos·
1093 1108 1197 1163 iterum

205 1198 355 1272 parturio,
395 1200 485 1254 donec
516 1199 673 1273 formetur
714 1196 850 1252 Christus
888 1197 915 1250 in
955 1197 1042 1251 uobis.
1092 1194 1198 1250 Conse-

208 1295 328 1358 quenter
365 1296 391 1340 et
429 1288 543 1360 quando
581 1285 734 1359 perdimus
764 1283 858 1361 fidem
893 1280 1013 1351 Christi,
1048 1282 1198 1338 Christum

209 1371 366 1426 occidimus·
390 1373 417 1427 in
442 1373 537 1432 uobis:
568 1374 609 1427 sie
636 1383 663 1427 et
687 1371 832 1447 prophete
854 1372 934 1446 apud
957 1370 1099 1426 hereticos
1123 1369 1198 1425 occi·

169 1460 327 1516 10duntur.
358 1460 482 1527 Quando
499 1461 572 1515 enim
588 1459 681 1536 fidem
700 1470 726 1515 et
743 1459 893 1514 ueritatem
917 1457 1073 1513 uerborum
1097 1474 1197 1511 eorum

206 1563 350 1620 peruersa
368 1547 614 1622 interpretacione
636 1547 806 1602 subvertunt
821 1547 984 1620 prophetas
1000 1555 1027 1600 et
1049 1543 1199 1620 apostolos

209 1633 343 1688 occidunt
358 1634 387 1688 in
411 1652 450 1690 se.
475 1633 560 1690 Verbi
575 1634 648 1689 enim
673 1634 795 1709 sanguis
811 1633 920 1689 ueritas
944 1643 1056 1708 estque
1072 1629 1199 1707 vivificat

210 1721 338 1776 verbum.
369 1720 463 1776 Omne
479 1731 574 1778 autem
601 1721 720 1777 uerbum
745 1721 822 1795 qnod
837 1738 892 1775 non
916 1720 1000 1776 habet
1024 1719 1052 1774 in
1075 1736 1106 1774 se
1123 1718 1197 1774 veri-

208 1818 294 1862 tatem
331 1808 388 1863 Dei
424 1819 571 1864 mortumn
605 1818 646 1863 est
677 1808 922 1883 quemadmodum
953 1807 1014 1862 sine
1053 1806 1199 1882 sanguine

169 1895 332 1970 15corpus;
356 1906 516 1970 propterea
550 1896 646 1951 omina
678 1896 767 1951 uerba
796 1894 894 1950 divina
923 1893 1055 1968 quamvis
1088 1893 1198 1949 rustica

208 1981 264 2036 sint
287 1993 313 2037 et
341 1981 529 2057 incomposita
561 1983 625 2038 viva
653 1994 729 2053 sum,
756 1981 890 2057 quoniam
915 1981 990 2037 intus
1018 1981 1046 2036 in
1069 1980 1199 2037 sensibus

207 2068 268 2124 suis
292 2069 396 2125 habent
415 2070 542 2145 positam
569 2070 719 2125 ueritatem
738 2070 795 2125 Dei
816 2069 901 2144 quasi
921 2069 1094 2145 sanguinem
1120 2067 1197 2123 venis

208 2156 360 2226 inclusum,
377 2168 404 2211 et
427 2157 492 2212 ideo
514 2157 659 2232 vivificant
674 2157 849 2225 audientem,
865 2156 939 2212 sicut
954 2166 1079 2211 testatur
1093 2155 1198 2210 Petrus

208 2243 247 2297 ad
267 2243 416 2299 Christum
435 2243 546 2300 dicens:
574 2246 638 2312 Quo
660 2244 773 2314 ibimus,
797 2243 885 2298 uerba
903 2243 960 2298 vite
979 2254 1077 2299 eterne
1100 2242 1197 2298 habes.

166 2343 197 2376 2⁰
213 2329 317 2385 Omnia
341 2342 437 2386 antem
461 2332 548 2386 uerba
571 2331 726 2401 secularia,
754 2330 889 2404 quoniam
912 2348 969 2386 non
989 2330 1094 2385 habent
1117 2329 1144 2383 in
1168 2347 1199 2385 se

209 2417 359 2472 veritatem
389 2418 447 2472 Dei
477 2429 503 2474 et
540 2418 671 2492 quamuis
702 2418 758 2473 sint
787 2417 945 2491 composita
978 2427 1005 2472 et
1037 2416 1198 2493 ingeniosa,

208 2515 324 2559 mortua
347 2515 423 2569 sunt,
446 2506 579 2579 quoniam
600 2506 627 2560 in
645 2506 723 2561 uenis
737 2522 871 2561 sensuum
887 2522 1006 2560 suorum
1023 2522 1078 2559 nan
1095 2503 1200 2558 habent

209 2591 361 2646 ueritatem
381 2592 446 2646 Ilei.
465 2593 628 2667 Propterea
644 2610 695 2648 nec
711 2591 872 2647 audientem
889 2592 1015 2647 salvant.
1034 2591 1198 2646 Secundum

116 2700 180 2759 ⁴¹4⁸
209 2678 261 2733 hee
285 2678 341 2733 iam
372 2678 503 2755 intellige
524 2681 669 2754 quomodo
691 2676 694 2758 l
716 2678 836 2735 heretici
858 2678 992 2734 occidunt
1015 2689 1041 2734 et
1066 2677 1199 2752 lapidant

166 2766 196 2815 25
205 2765 368 2840 prophetas
391 2776 417 2821 et
440 2767 588 2841 apostolos
604 2767 707 2823 missos
730 2768 770 2821 ad
791 2784 829 2822 se.
858 2765 1000 2833 Quociens
1023 2764 1096 2820 enim
1122 2764 1197 2820 veri·

209 2863 296 2906 tatem
326 2853 481 2908 uerborum
511 2872 610 2909 eorum
634 2854 736 2931 gladio
765 2853 890 2930 maligni
915 2852 1036 2926 spiritus
1063 2862 1090 2907 et
1118 2850 1200 2907 uerbi

205 2940 342 3013 peruersi
372 2952 564 3015 corrumpunt
602 2953 628 2996 et
661 2941 810 3016 effluidunt
841 2940 869 2994 in
902 2950 1024 3011 terram,
1063 2938 1197 2995 occidunt

206 3027 368 3101 prophetas
392 3038 418 3081 et
441 3028 589 3103 apostolos
612 3039 638 3083 et
654 3028 825 3105 sanguinem
851 3027 1007 3083 uerborum
1032 3045 1144 3097 eorum,
1167 3026 1199 3080 id

210 3124 261 3174 est,
287 3115 437 3169 ueritatem
468 3115 617 3188 effuridunt
641 3115 670 3169 in
695 3127 819 3181 terram,
843 3126 870 3170 et
893 3114 1027 3188 quociens
1050 3113 1133 3168 aliud
1155 3113 1197 3168 in-

166 3200 373 3276 3‹›telligerites
403 3202 429 3256 in
463 3202 558 3257 verbis
589 3203 802 3277 prophetarum
833 3213 859 3257 et
887 3202 1088 3277 apostolorum
1117 3201 1199 3256 aliud

206 3288 424 3363 proloquuntur
448 3289 476 3342 in
501 3290 624 3364 populo,
652 3288 848 3364 blasphemias
874 3308 944 3344 suas
975 3289 1060 3365 quasi
1085 3288 1197 3363 lapides

209 3375 350 3449 quosdam
375 3374 482 3431 iactant
505 3394 596 3451 super
618 3377 766 3452 apostolos
789 3387 816 3432 et
835 3376 1006 3451 prophetas.

258 3462 401 3529 Quociens
414 3462 492 3517 volui
503 3481 691 3540 congregare
703 3475 754 3519 etc.
777 3463 1011 3538 Quociescunque
1023 3461 1108 3533 enim,
1123 3461 1197 3517 sicut
1220 3466 1271 3510 Tm
1287 3465 1361 3520 wings
1376 3466 1402 3545 af

210 3548 349 3615 diximus5
378 3549 453 3604 inter
469 3551 612 3607 hereticos
630 3562 657 3606 et
667 3550 776 3629 fideles
791 3551 869 3626 fidei
889 3561 1023 3607 movetur
1039 3559 1195 3617 certamen,
1206 3519 1413 3614 ῃὲοοῇζῗξᾎῖἦς,

167 3637 198 3690 35
211 3635 358 3692 evidenter
375 3637 435 3691 vult
456 3655 505 3694 eos
521 3637 601 3693 Dens
625 3656 814 3715 congregare
827 3638 878 3693 sub
896 3638 1019 3694 ueritate
1031 3654 1195 3712 pennarum

209 3741 340 3793 suarum,
379 3723 410 3777 id
437 3734 489 3794 est,
519 3736 758 3781 testamentorum
787 3726 923 3781 duorum.
962 3724 1197 3798 Quoeiescunque

210 3810 350 3886 leguntur
373 3811 453 3885 apud
466 3812 575 3867 ludeos
600 3813 687 3867 uerba
700 3814 916 3888 prophetarum
934 3824 960 3868 et
983 3811 1195 3887 apostolorum,

210 3896 255 3952 illi
276 3909 371 3953 autem
389 3916 444 3954 non
460 3900 545 3973 quasi
560 3899 710 3956 domestici
721 3899 798 3975 pulli
811 3900 923 3977 galline
937 3917 992 3975 qne
1007 3910 1049 3955 est
1065 3898 1194 3972 ecclesia,

262 4184 289 4216 ιι.
304 4174 337 4215 A:
354 4184 433 4227 praua
447 4172 661 4227 interpretacione,·
684 4173 706 4215 Α
725 4171 746 4213 iu
763 4183 850 4225 murg.:
871 4168 940 4213 Nota.
1013 4172 1045 4215 16.
1064 4171 1098 4216 A:
1120 4175 1143 4213 et
1160 4171 1196 4212 in·

209 4225 339 4279 composita
352 4226 405 4268 viva
418 4228 474 4267 sunt
487 4224 558 4267 deest.
638 4236 673 4266 oo.
688 4227 723 4266 A:
739 4235 784 4278 que
797 4234 843 4267 nou
859 4223 952 4266 habent,
1026 4221 1109 4267 21-23.
1123 4223 1157 4265 A:
1173 4226 1196 4264 et

210 4277 407 4331 quamuis-Dei
419 4277 489 4319 deest.
544 4287 634 4330 27—29.
649 4277 708 4319 A:e
728 4275 983 4319 tendunt-veritatem
993 4277 1064 4319 deest.
1119 4272 1194 4319 ooo:

210 4334 233 4372 et
246 4329 319 4372 aliud.
387 4327 419 4373 35.
431 4332 464 4372 A:
480 4329 543 4372 Deus
556 4331 627 4372 deest.
696 4330 731 4372 'o
746 4330 780 4372 A:
795 4329 987 4372 testimoniorum.

262 4454 287 4504 o.
308 4456 365 4504 Gal.
385 4456 428 4515 IV,
452 4472 489 4522 ιι).
548 4472 585 4520 io.
604 4453 664 4505 loh.
683 4456 727 4517 Vl,
746 4453 787 4522 oq.
