3098 5130
173 509 241 553 cm.
257 497 350 579 tus]
455 515 499 564 os
521 514 756 565 suricuutsro
778 515 842 564 iun.
862 517 879 565 1.

174 686 348 745 creatorem,
382 693 420 731 es·
452 676 653 751 corporalibus
685 675 894 753 incorporalia,
929 695 968 733 ex
1001 678 1158 735 visibilibus

174 760 339 831 inuisibilia,
364 779 402 817 ex
425 763 560 818 breuibus
582 763 768 839 sempiterna.
796 765 858 820 Hec
881 766 1070 838 leronymus.

218 849 422 906 Crisostomus
446 863 546 906 eutem
572 868 662 924 super
685 850 742 908 isto
767 863 846 908 textu
871 850 913 907 sic
938 851 1086 928 loquitur:
1114 854 1159 908 De
1185 863 1352 925 chrysostom:

174 938 281 993 talento
310 936 472 1013 agnicionis
498 937 610 993 Christi
635 937 791 1012 adquisivit
814 957 899 993 unani
923 939 1065 996 iusticiam
1090 941 1158 996 bene
1180 917 1357 1012 mgffiffiffllg'n

150 1025 306 1094 §vivendo
345 1025 381 1078 de
408 1026 589 1102 presbytero
621 1035 716 1081 antem
751 1025 813 1101 ipso
841 1026 991 1100 acquisivit
1014 1026 1156 1082 iusticiam
1224 1021 1316 1064 ¹⁸l⁰¹¹¹⁸·

173 1111 296 1166 sollicite
314 1111 490 1186 presidendo
514 1111 642 1181 ecclesie,
670 1112 705 1168 de
729 1114 816 1168 verbo
839 1113 992 1187 acquisivit
1015 1114 1156 1170 iusticiam

175 1199 292 1254 verbnm
312 1197 442 1254 veritatis
458 1198 610 1254 sinceriter
623 1199 804 1274 predicando
810 1220 820 1267 ;
843 1200 879 1256 de
894 1200 1036 1277 baptismo
1060 1212 1155 1257 autem

174 1285 305 1342 lucratus
329 1296 372 1340 est
387 1286 543 1341 secundum
564 1286 675 1341 Christi
690 1286 825 1364 regulam
843 1287 1017 1368 baptizando
1041 1299 1069 1344 et
1091 1288 1157 1364 dig·

175 1391 227 1428 nos
241 1372 326 1448 filios
359 1390 423 1427 cum
448 1373 554 1428 indicio
577 1373 696 1429 ecclesie
718 1373 918 1448 adquirendo;
955 1375 991 1430 dc
1012 1373 1157 1452 sacrificio

135 1481 163 1513 ιο
173 1460 327 1533 adquisivit
351 1459 504 1525 iusticiam,
528 1470 587 1515 tam
612 1461 750 1516 mundum
775 1471 803 1516 et
822 1461 1040 1517 immaculatum
1064 1462 1156 1518 sacri·

172 1546 276 1621 ficium
313 1565 370 1621 pro
406 1547 521 1622 populis
552 1547 700 1620 offerendo
739 1558 766 1602 et
797 1565 856 1622 pro
895 1548 1022 1623 peccatis
1056 1549 1159 1624 populi

173 1634 335 1690 evocando
363 1635 425 1690 Hec
450 1634 665 1691 crisostomus.

217 1723 273 1775 lste
297 1733 417 1776 sanctus
435 1720 555 1794 exponit
579 1720 752 1796 quinarium
777 1720 983 1795 evangelicum
1001 1740 1062 1778 non
1087 1740 1157 1779 con-

173 1807 264 1862 trarie
293 1807 392 1863 sensui
425 1807 610 1881 supradicto,
643 1809 694 1865 sed
721 1821 920 1866 mutescentes
944 1827 961 1865 a
985 1808 1067 1866 fideli
1091 1827 1157 1882 pre·

134 1894 330 1951 troicacione
377 1895 550 1968 evangelica
590 1907 717 1968 possunt
764 1895 811 1952 hic
850 1897 887 1951 de
925 1896 1010 1952 lucro
1047 1895 1156 1970 premii

175 1982 346 2055 desperare.

532 2186 636 2249 CAP.
659 2185 795 2250 LXIX.

216 2332 359 2404 Sequitur
383 2332 413 2387 in
437 2343 518 2387 textu
544 2329 685 2387 Alatthei:
710 2329 853 2385 Similiter
875 2342 902 2386 et
924 2331 974 2406 qui
996 2331 1052 2387 duo
1075 2349 1156 2387 acce-

171 2430 259 2493 perat
283 2419 415 2474 lucratus
439 2429 480 2474 est
503 2418 561 2473 ulia
586 2418 653 2474 dito.

132 2527 163 2559 20
217 2508 314 2578 Super
338 2524 398 2579 quo
420 2507 614 2578 leronymus:
644 2504 684 2560 Et
707 2504 760 2560 iste
779 2523 837 2581 pro
861 2505 972 2561 uiribus
993 2505 1053 2560 suis
1075 2506 1156 2579 quid·
1217 2515 1319 2559 terame.

173 2593 241 2665 qnid
264 2593 291 2648 in
316 2594 381 2669 lege
405 2593 548 2648 didicerat
572 2592 599 2647 in
624 2592 777 2669 euangelio
802 2592 961 2668 duplicavit
983 2591 1044 2648 sive
1066 2593 1156 2648 scien-

172 2681 245 2734 ciam
270 2691 296 2733 et
329 2698 418 2754 opera
451 2680 596 2753 presentis
619 2679 676 2734 vite
708 2689 734 2734 et
751 2679 859 2753 future
889 2690 979 2758 typos
1003 2679 1154 2735 intellexit.

174 2769 235 2822 Hec
258 2768 446 2840 leronymus.

215 2852 418 2910 Crisostomus
456 2866 556 2910 autem
595 2871 685 2928 super
724 2852 780 2908 isto
813 2866 893 2909 textu
926 2851 968 2908 sic
1006 2852 1154 2927 loquitur:
1183 2861 1352 2933 Chrysorroas:

129 2947 159 2995 25
176 2941 234 3007 Qui
255 2942 312 2997 duo
329 2953 482 3016 occeperat
505 2952 569 3007 etc,
592 2940 623 2994 id
645 2950 696 3009 est,
721 2939 793 2995 duas
816 2940 953 3010 iusticias,
977 2958 1063 2995 unam
1087 2941 1156 2996 bene
1191 2912 1348 3019 {ieffffigeflss

172 3028 293 3083 vivendo
317 3047 402 3102 quarn
419 3027 571 3102 acquisivit
594 3046 611 3082 a
626 3027 692 3102 fide
712 3026 830 3096 Christi,
854 3028 979 3083 alteram
1003 3027 1156 3083 sinceriter
1217 3017 1314 3060 dem·

172 3114 374 3170 ministrando
397 3133 481 3189 quam
507 3115 583 3189 secit
615 3131 654 3170 ex
681 3113 840 3170 ministerio
873 3115 1053 3173 diaconatus.
1092 3116 1154 3170 Hec

172 3201 390 3257 Crisostomus.

215 3289 263 3343 lsti
297 3289 392 3345 sancti
425 3288 596 3362 intelligunt
629 3289 784 3362 quomodo
817 3289 960 3345 habentes
996 3292 1076 3346 dona
1100 3288 1154 3345 Dei
1175 3292 1271 3354 separo
1287 3293 1358 3336 istor

129 3374 337 3434 3omediocria
371 3375 401 3431 in
439 3375 556 3448 premio
589 3375 792 3448 duplicarunt,
832 3375 902 3450 quia
939 3395 1001 3433 non
1034 3356 1371 3451 fueruntflllltpg‘iiii‘in·

170 3461 264 3517 ociosi
289 3462 319 3517 in
336 3461 511 3536 recipiendo
527 3461 600 3518 istas
623 3461 780 3536 potencias
805 3475 833 3519 et
856 3462 991 3532 virtutes,
1016 3465 1067 3519 sed
1092 3476 1153 3519 tam
1191 3450 1229 3492 ¹¹¹⁰
1243 3448 1339 3492 ‘'¹¹⁸⁶st

170 3549 308 3605 doctrina
333 3568 424 3623 quam
449 3548 673 3622 exemplacione
698 3550 904 3623 expenderunt
927 3548 1007 3623 ipsas
1032 3554 1068 3606 ad
1095 3549 1156 3606 edi·

171 3635 350 3692 ticacionem
375 3635 510 3691 ecclesie.

214 3723 358 3795 Sequitur
381 3722 411 3777 in
436 3736 515 3778 textu
538 3721 679 3779 Matthei:
708 3723 767 3789 Qui
785 3734 881 3779 autern
899 3742 987 3778 unton
1004 3734 1157 3799 acceperat

128 3809 268 3869 [srabiens
284 3810 367 3884 fodit
390 3810 418 3864 in
442 3820 554 3864 terram
577 3819 605 3864 et
627 3809 777 3865 abscondit
795 3810 947 3885 pecuniam
968 3810 1079 3865 dotnini
1101 3811 1156 3868 sui.

224 4017 241 4058 i.
258 4020 278 4061 A
294 4018 316 4060 in
333 4031 417 4071 maren
433 4017 595 4061 Crisostomus.
659 4031 678 4071 7.
696 4021 728 4062 A:
742 4026 819 4063 autem
833 4021 910 4063 deest:
925 4019 942 4062 B
957 4020 979 4062 in
996 4032 1068 4075 inarg.
1083 4021 1155 4064 addit.

172 4084 203 4112 to.
218 4073 251 4112 A:
267 4071 375 4130 auitam.
470 4083 495 4112 t.
516 4074 548 4114 A:
555 4083 615 4166 ίρνο
633 4071 696 4125 ipn's.
779 4084 807 4115 ιε.
833 4075 854 4116 A
877 4073 900 4115 iu
923 4084 1010 4132 murga
1031 4072 1156 4116 lohannes.

172 4135 204 4170 tt·
226 4126 258 4165 A:
280 4122 372 4175 asi-let.
448 4134 478 4176 ¹7·
499 4125 532 4165 A:
574 4123 700 4166 rests
712 4123 783 4166 deest.
864 4126 1157 4175 ronsnmarndero-

172 4187 257 4225 nemus
348 4174 383 4217 23.
398 4178 418 4218 A
435 4176 456 4217 in
473 4187 558 4228 marm:
583 4175 737 4218 ritortomus.
804 4176 831 4219 28
855 4179 875 4219 A
891 4178 913 4219 iu
929 4189 1015 4230 maran
1030 4176 1156 4220 lohannes.

225 4304 247 4348 ¹3,
267 4304 318 4364 (tp.
332 4300 395 4363 lmp.
410 4301 426 4348 1.
439 4315 460 4348 c.
475 4315 533 4365 pag.
548 4299 608 4365 9¹34·
654 4300 691 4348 18.
710 4300 800 4350 blattis.
813 4301 891 4361 XXV,
909 4317 946 4365 ¹7·
996 4317 1029 4351 πο
1052 4303 1157 4351 Comm.

173 4372 195 4416 in
227 4369 314 4417 hlutth.
345 4371 360 4417 l.
386 4386 407 4417 c.
437 4385 495 4433 pap.
525 4368 582 4418 roo.
674 4372 714 4419 25.
742 4372 793 4435 (tp.
824 4373 888 4435 lmp.
917 4372 932 4420 Ι.
960 4387 982 4420 c.
1010 4386 1070 4436 pag.
1097 4374 1157 4438 9⁶⁴·

173 4444 211 4501 54.
232 4438 321 4487 blattis.
341 4439 419 4500 XXV,
443 4438 480 4487 18.

1022 4543 1051 4592 ¹7
