3098 5130
151 1537 169 1579 lt
184 1535 203 1578 is
218 1546 272 1590 easy
286 1541 310 1576 to

181 1587 250 1641 iudae
265 1586 288 1630 in

136 1639 254 1684 another's
269 1650 329 1682 cese.

585 495 675 546 oeus
693 494 948 547 evauoemcuu
968 496 1033 547 ΜΒ.
1050 496 1093 548 111.
1146 476 1230 564 [css.
1245 492 1337 540 xvm.

344 656 405 712 sine
420 656 549 734 flagello
573 674 628 712 non
652 656 777 735 regitur,
810 656 853 713 sic
875 667 903 714 et
921 658 1050 734 populus
1071 656 1132 714 sine
1154 657 1341 735 increpacio·

344 743 427 799 nibus
446 744 513 799 'non
559 744 753 822 gubernatur.
792 744 871 801 Eece
901 745 929 800 si
964 744 1028 820 quis
1065 744 1230 820 deliquerit,
1271 746 1341 803 sine

344 831 512 887 doctoribus
535 849 590 887 non
617 832 813 910 gubernatur.
853 831 932 888 Ecce
959 831 986 888 si
1007 832 1071 908 quis
1093 832 1130 888 de
1151 832 1209 889 tuis
1233 833 1339 890 docto-

345 917 427 973 ribus
459 918 583 974 uoluerit
615 928 643 974 te
672 918 828 995 increpare
853 928 980 995 propter
1003 930 1155 996 peccatum
1179 931 1260 976 tuum
1285 932 1341 977 aut

346 1005 445 1060 dicere
476 1005 528 1061 tibi
557 1005 635 1080 quod
666 1023 767 1061 uerum
799 1016 852 1078 est,
890 1005 987 1062 statim
1020 1006 1160 1063 irasceris
1195 1017 1223 1065 et
1256 1007 1369 1066 blas-5

343 1092 476 1168 phemos.
510 1093 560 1148 Sic
582 1103 610 1149 et
631 1092 719 1148 Judei
748 1110 817 1150 suos
844 1093 958 1166 quidem
978 1093 1143 1170 prophetas
1165 1111 1222 1151 non
1244 1095 1338 1152 susti·

347 1179 461 1251 nebant,
499 1179 633 1255 antiquos
670 1190 766 1235 autem
798 1192 915 1237 sanctos
943 1179 1084 1240 colebant.
1128 1180 1195 1237 Non
1219 1181 1270 1239 ille
1294 1194 1339 1239 est

346 1267 437 1322 bouus
462 1267 511 1341 qui
533 1268 642 1323 malum
667 1267 886 1342 reprehendere
904 1278 1002 1344 potest
1030 1275 1059 1325 et
1080 1269 1185 1325 bonum
1210 1268 1340 1326 laudare

346 1353 400 1410 sed
437 1353 487 1429 qui
524 1354 720 1429 reprehensus
756 1354 784 1410 iu
822 1355 901 1411 malo
938 1356 1012 1411 bono
1043 1355 1142 1413 animo
1172 1356 1338 1432 susceperit

348 1440 611 1517 reprehensionem.
1355 1466 1390 1501 ιο

391 1528 424 1583 In
447 1528 572 1585 alterius
604 1546 693 1585 causa
719 1528 816 1603 focile
835 1546 992 1605 possumus
1015 1547 1115 1586 omues
1137 1528 1245 1585 iudices
1269 1529 1341 1586 iusti

348 1633 417 1672 esse.
458 1615 511 1671 Ille
542 1626 638 1672 autem
671 1633 758 1672 uerus
781 1625 824 1671 est
847 1625 874 1671 et
896 1615 988 1672 iustus
1019 1626 1045 1672 et
1068 1616 1184 1693 sapiens
1205 1616 1257 1692 qui
1279 1617 1339 1674 sibi

347 1702 404 1779 ipsi
419 1702 510 1759 iudex
523 1703 598 1779 fieri
608 1712 714 1778 potest.
743 1702 815 1758 Cum
839 1702 969 1759 audieris
986 1703 1109 1778 aliquem
1125 1703 1339 1781 beatificantem

348 1789 482 1864 antiquos
514 1790 659 1863 doctores,
693 1791 791 1865 proba
829 1789 922 1866 ipsum
954 1790 1051 1867 qualis
1082 1801 1125 1847 est
1156 1791 1235 1847 circa
1268 1810 1341 1848 suos

349 1877 492 1935 doctores
534 1877 567 1932 Si
588 1877 662 1933 enim
697 1876 763 1934 illos
794 1877 917 1934 sustinet
941 1888 967 1933 et
990 1878 1115 1934 honorat
1137 1896 1201 1934 cum
1233 1879 1341 1954 quibus
1356 1887 1387 1938 15

349 1964 429 2029 uiuit,
452 1964 514 2019 sine
536 1964 622 2020 dnbio
646 1975 673 2020 et
696 1964 763 2021 illos
786 1965 985 2021 honoraturus
1001 1964 1118 2039 fuerat,
1140 1965 1168 2021 si
1189 1982 1253 2021 cum
1278 1966 1341 2022 illis

349 2051 481 2108 uixisset.
505 2051 583 2106 Nam
607 2053 702 2108 omnis
724 2051 876 2127 correpcio
891 2051 997 2108 similis
1019 2063 1062 2108 est
1084 2053 1188 2109 ceteris
1210 2062 1339 2130 tempta·

349 2138 496 2207 cionibus,·
516 2139 592 2195 sicut
615 2158 689 2217 ergo
713 2139 805 2195 omnis
828 2138 985 2215 temptacio
1000 2138 1109 2216 fideles
1132 2139 1246 2215 quidem
1275 2140 1339 2196 edi·

356 2225 437 2299 fleat,
460 2226 557 2303 magis
573 2226 704 2302 infideles
719 2225 846 2303 amplius
869 2226 1004 2299 destruit,
1027 2226 1112 2283 sicet
1134 2226 1228 2284 omnis
1243 2225 1340 2284 incre·

345 2313 432 2388 pacio
457 2313 609 2390 discipline
643 2313 814 2391 religiosum
844 2313 987 2370 homiuem
1016 2324 1043 2370 et
1066 2313 1212 2371 timentem
1236 2314 1388 2371 melio-20

351 2418 413 2456 rem
423 2400 513 2475 facit,
539 2400 740 2479 irreligiosum
764 2410 859 2456 autem
883 2411 911 2456 et
939 2400 1048 2457 malum
1073 2401 1226 2457 conturbat
1248 2412 1276 2457 et
1298 2402 1342 2457 ad

351 2487 480 2544 deterius
517 2488 562 2544 ire
583 2487 740 2563 compellit.
776 2487 856 2543 Sicut
878 2504 952 2565 ergo
985 2505 1038 2544 uas
1056 2487 1151 2565 figuli
1177 2489 1246 2567 igne
1264 2506 1341 2565 pro·

349 2576 446 2648 batur,
469 2575 511 2632 sic
533 2576 675 2631 bonorum
699 2593 751 2631 cor
770 2574 970 2648 increpacione
994 2575 1191 2652 cognoscitur.

395 2662 428 2717 Si
442 2661 607 2736 fuissemus
631 2661 659 2718 in
685 2662 784 2718 diebus
800 2670 922 2738 patrum
948 2672 1128 2732 nostrorum,
1147 2662 1221 2720 socii
1235 2680 1339 2720 eorum

350 2767 406 2805 non
425 2748 590 2823 fuissemus
612 2748 639 2804 iu
663 2749 806 2826 sanguine
824 2748 1050 2824 prophetarum.
1075 2749 1141 2805 Non
1164 2748 1230 2826 quia
1251 2750 1386 2808 Judei25

349 2836 518 2914 specialiter
541 2836 657 2893 omnino
679 2837 748 2893 talia
773 2835 974 2912 loquebantur,
996 2836 1050 2893 sed
1071 2836 1137 2911 quia
1161 2837 1232 2893 talia
1255 2837 1340 2915 cogi·

351 2925 451 2980 tabant
474 2934 501 2980 et
518 2923 672 2998 faciebant
687 2935 715 2980 et
731 2922 961 3001 cogitacionibus
982 2923 1044 2979 suis
1059 2923 1131 2980 haee
1146 2923 1342 2999 loquebantur

352 3023 378 3068 et
395 3010 501 3085 factis.
534 3011 659 3078 Quando
697 3010 771 3066 enim
786 3010 850 3087 filii
870 3010 1002 3066 colebant
1032 3028 1105 3086 quos
1132 3021 1236 3088 patres
1262 3011 1340 3068 occi·

353 3100 469 3169 derant,
486 3099 703 3174 condempnare
719 3097 892 3154 videbantur
909 3096 1065 3154 homicidia
1078 3109 1200 3174 patrum
1215 3116 1340 3156 suorum

352 3198 434 3243 etse
462 3186 498 3242 ab
526 3185 646 3242 illorum
685 3185 836 3243 consorcio
876 3202 1027 3261 separare.
1075 3185 1124 3242 Sic
1160 3197 1187 3242 et
1219 3185 1344 3243 heretici
1353 3193 1389 3245 30

353 3274 468 3349 quando
501 3273 599 3330 colunt
623 3273 795 3350 prophetas,
828 3272 978 3350 apostolos
1009 3282 1036 3328 et
1068 3283 1223 3353 martyres
1251 3273 1301 3348 qui
1321 3292 1341 3329 a

348 3361 486 3436 patribus
509 3379 622 3433 eorum,
654 3360 686 3415 id
708 3370 760 3434 est,
791 3379 809 3415 a
831 3359 934 3416 Judeis
957 3359 1003 3414 vel
1023 3360 1181 3437 gentilibus
1200 3376 1341 3437 persecu·

353 3449 462 3505 cionem
492 3447 576 3524 passi
606 3458 673 3504 sunt
696 3459 724 3505 et
746 3447 841 3516 occisi,
875 3446 1090 3523 condempnare
1117 3447 1253 3503 uidentur
1274 3456 1343 3503 acta

349 3547 471 3613 patrum
489 3553 621 3606 suorum,
646 3535 677 3590 id
699 3545 751 3604 est,
774 3533 935 3589 Judeorum
958 3551 994 3589 ac
1015 3533 1169 3611 gentilium
1193 3545 1221 3591 et
1243 3533 1344 3590 dicere

353 3624 418 3699 quia
442 3624 469 3680 si
482 3624 646 3700 fuissemus
668 3623 696 3677 iu
721 3621 820 3678 diebus
847 3620 977 3691 illorum,
1012 3638 1067 3676 non
1084 3620 1249 3695 fuissemus
1270 3621 1346 3677 socii
1354 3628 1388 3681 35

353 3730 454 3768 cerrima
480 3712 507 3766 in
536 3710 680 3788 sanguine
699 3708 926 3784 prophetarum,
949 3708 1149 3784 apostolorum
1174 3719 1201 3765 et
1223 3718 1343 3789 marty·

354 3818 429 3855 runt
456 3798 554 3873 Itaque
579 3797 771 3853 testimonium
796 3796 919 3852 redditis
945 3795 1034 3866 vobis,
1059 3795 1124 3871 quia
1148 3794 1217 3853 estis
1239 3812 1343 3852 eorum

354 3887 402 3962 qui
425 3887 593 3943 occiderunt
613 3884 784 3960 prophetas.
829 3883 905 3951 Quia
929 3899 999 3938 vero
1032 3883 1138 3961 regula
1166 3881 1237 3939 dicit
1264 3884 1345 3958 quod

407 4250 465 4291 a-'h
481 4244 853 4302 A:licce-gubernaturdcest.
907 4244 1111 4287 12.A:estdcest.
1164 4239 1347 4293 nasama

355 4310 400 4359 aput
477 4313 507 4353 tq.
525 4302 557 4343 A:
573 4299 645 4342 illum.
726 4310 761 4350 πο,
780 4309 811 4339 21.
834 4298 868 4338 A:
892 4297 1011 4339 meliorem
1025 4296 1347 4352 factthominemettt‘mess

355 4359 395 4399 nuh
425 4356 476 4405 mu,
492 4360 543 4397 tem.
616 4350 699 4394 boh:
715 4350 796 4393 hicet.
851 4346 1192 4403 33.A:condempnareuero.
1260 4346 1345 4395 hm:

354 4412 410 4463 qula
426 4408 475 4449 ulti.
531 4405 563 4457 37.
580 4406 612 4446 A:
629 4405 670 4447 t'la.
