3098 5130
569 495 659 543 (ivus
679 494 929 543 tevavouiictut
952 495 1014 544 ιιιι.
1034 495 1075 545 ιιι.
1190 478 1272 560 leat·
1289 492 1328 537 ιιι.

343 655 395 711 liei
432 669 459 711 et
495 673 586 710 nemo
619 669 716 728 potest
750 655 778 710 iu
815 669 961 729 quantum
996 655 1068 711 dicit
1100 658 1222 712 verbum
1253 656 1329 713 illud

342 761 527 817 quemquam
545 741 683 816 decipere
699 743 745 799 vel
762 742 857 799 eciam
875 743 966 799 falsus
984 761 1057 811 esse,
1083 756 1110 800 et
1135 762 1225 818 super
1248 743 1331 800 istud

343 843 374 886 ut
411 830 513 886 fideles
553 829 676 904 quidam
712 829 834 886 eliciunt
868 843 1023 904 tamquam
1056 830 1214 905 probabile
1246 833 1329 905 quod

342 917 372 973 in
397 915 453 973 isto
470 918 511 973 Ve
535 917 679 991 octuplici
705 936 834 991 quorum
859 917 991 991 primum
1012 917 1173 991 exponitur
1189 919 1330 975 Salvator

343 1004 433 1060 simul
466 1018 579 1061 reserat
613 1004 771 1062 mendacia
808 1006 999 1061 sacerdotum
1041 1005 1114 1078 legis
1151 1005 1260 1061 veteris
1301 1008 1359 1063 et5

343 1090 502 1149 mendacia
525 1094 716 1148 sacerdotum
742 1091 815 1166 legis
839 1092 938 1166 gracie
962 1111 1020 1166 que
1044 1092 1129 1148 scivit
1147 1110 1211 1148 esse
1227 1093 1330 1150 futura

343 1198 376 1235 ex
406 1179 545 1254 nequicia
573 1178 764 1241 Antichristh
798 1193 826 1235 et
859 1179 900 1234 sic
925 1179 1080 1253 quodlibet
1105 1179 1231 1236 istorum
1257 1194 1329 1236 octo

342 1269 385 1322 Ve
417 1280 515 1340 potest
549 1269 586 1322 ad
621 1269 794 1323 sacerdotes
826 1266 978 1339 ypocritas
1008 1267 1080 1340 legis
1104 1267 1211 1324 veteris
1236 1282 1264 1323 et
1288 1270 1328 1324 ad

343 1355 515 1411 sacerdotes
538 1353 611 1425 legis
634 1354 734 1427 gracie
757 1353 911 1429 ypocritas
936 1354 1092 1428 applicari.

140 1435 312 1541 '¹2¹3’⁸gf‘grglc¹g
385 1443 444 1498 Sed
477 1444 651 1498 sacerdotes
684 1441 713 1497 in
746 1442 809 1515 lege
841 1440 942 1512 gracie
977 1442 1013 1497 de
1037 1455 1122 1498 tanto
1146 1440 1329 1514 profundius
1344 1460 1378 1494 ro

158 1548 291 1591 arestone,
343 1527 456 1584 faciunt
493 1528 581 1585 istam
617 1528 799 1603 nequiciam,
837 1530 873 1584 de
906 1543 1020 1604 quanto
1057 1528 1195 1585 diabolus
1233 1547 1330 1602 prope

343 1615 433 1671 finem
464 1616 556 1672 seculi
596 1635 648 1689 per
687 1615 859 1672 subtiliores
897 1615 1050 1689 ypocrises
1088 1616 1155 1689 plus
1194 1616 1329 1689 prevalet

343 1715 450 1760 contra
484 1703 648 1759 militantes
682 1722 771 1777 quam
807 1702 955 1776 prevaluit
983 1716 1121 1776 tempore
1143 1703 1328 1777 precedenti.

343 1791 413 1846 ldeo
447 1808 634 1865 consequens
667 1804 710 1847 est
734 1792 815 1864 quod
840 1808 918 1864 papa
948 1803 976 1845 et
1000 1790 1044 1845 sui
1070 1789 1235 1864 complices
1258 1805 1330 1847 sunt

343 1876 440 1933 scribe
472 1890 500 1933 et
534 1877 665 1951 pharisei
698 1878 872 1933 claudentes
905 1895 1030 1950 regnum
1061 1877 1196 1932 celorum
1221 1890 1249 1932 et
1272 1881 1375 1934 necti

342 1963 399 2038 ipsi
420 1963 574 2021 introeunt
597 1983 651 2021 nec
680 1963 754 2020 alios
777 1965 911 2021 volentes
935 1964 1047 2021 intrare
1070 1964 1259 2037 permittunt.
1291 1967 1328 2021 Et

344 2050 521 2126 principalis
555 2051 636 2108 racio
670 2052 757 2107 huius
790 2065 833 2109 est
857 2050 997 2125 nequicia
1026 2051 1228 2109 tradicionum
1252 2070 1328 2126 quas

148 2153 311 2214 irmingerus
344 2137 437 2195 edidit
460 2138 673 2196 Antichristus.
706 2142 835 2196 Tantam
862 2139 941 2195 enim
967 2138 1056 2195 fidem
1082 2153 1110 2195 et
1133 2140 1250 2213 plurem
1274 2141 1328 2195 ob-

132 2205 329 2301 ‹11iuqqiqicoffls
343 2225 531 2283 servanciam
555 2226 693 2283 vendicat
718 2239 745 2283 et
770 2226 828 2283 illis
848 2225 1067 2283 tradicionibus
1083 2241 1228 2301 quantam
1247 2229 1328 2283 Deus

343 2313 482 2370 vendicat
516 2314 553 2370 de
585 2313 739 2388 evangelio
763 2318 832 2371 Jesu
857 2313 979 2371 Christi.
1009 2316 1045 2369 Et
1070 2314 1124 2369 hec
1149 2327 1193 2370 est
1218 2331 1377 2387 magnaao

343 2403 395 2457 sed
427 2400 545 2458 subtilis
570 2402 759 2476 blasphemia
783 2401 971 2459 Antichristi.
1005 2402 1073 2456 ldeo
1098 2401 1120 2457 si
1147 2400 1249 2457 fideles
1273 2420 1328 2456 un-

343 2507 433 2563 quam
469 2488 585 2546 cordati
620 2490 740 2553 fuerint,
774 2507 895 2546 necesse
929 2501 972 2544 est
1001 2489 1083 2562 quod
1108 2488 1139 2543 in
1164 2489 1220 2543 hoc
1244 2488 1327 2543 brevi

343 2575 488 2649 temporis
512 2576 640 2633 articulo
663 2577 722 2633 sint
746 2576 854 2632 viriles.
879 2576 915 2631 Et
936 2577 1066 2650 quedam
1091 2573 1264 2632 consolacio
1288 2577 1328 2632 ad

342 2661 467 2719 viriliter
499 2665 650 2737 agendum
685 2663 716 2718 iu
749 2664 805 2718 hoc
840 2682 911 2719 casu
941 2677 983 2719 est
1007 2661 1157 2719 breviacio
1181 2661 1328 2736 temporis

343 2763 370 2806 et
396 2749 564 2808 minoracio
588 2750 726 2825 potencie
750 2749 935 2806 Antichristi.
970 2754 1122 2819 Quantum
1149 2751 1186 2805 ad
1212 2748 1375 2806 brevia-25

343 2837 464 2895 cionem
501 2836 647 2912 temporis
681 2837 753 2894 dicit
786 2836 924 2893 Christus
952 2836 1077 2893 Matthei
1102 2838 1203 2911 XXIV,
1229 2851 1267 2892 22
1293 2850 1328 2893 ut

343 2923 382 2981 ibi
407 2925 566 2999 exponitur
588 2943 678 2998 super
701 2924 752 2980 illo
775 2926 880 2982 verbo:
898 2924 963 2980 Nisi
984 2924 1108 2979 breviati
1122 2924 1251 2997 fuissent
1267 2924 1329 2980 dies

139 3005 311 3100 ulloql‘ffiffileq
343 3011 387 3067 illi
417 3023 468 3068 etc.
504 3015 540 3068 Et
574 3012 701 3068 multum
737 3026 836 3066 movet
870 3010 1037 3067 minoracio
1071 3009 1210 3084 potencie
1242 3011 1327 3066 Anti-

127 3111 156 3165 m·
171 3111 209 3152 me
223 3109 325 3155 Schism.
343 3099 445 3155 christi
479 3101 561 3173 quod
597 3099 660 3173 ipse
692 3098 722 3153 in
755 3098 840 3172 papis
876 3097 1020 3154 dividitur
1055 3110 1084 3154 et
1112 3096 1157 3153 sui
1182 3096 1328 3154 satellites

343 3199 411 3242 sunt
449 3186 570 3260 spissim
605 3184 748 3242 contrarii
783 3184 838 3241 sibi
871 3184 958 3259 ipsis;
997 3187 1048 3241 sed
1081 3184 1217 3241 Christus
1255 3184 1376 3242 dicit30

343 3273 468 3330 Matthei
484 3276 546 3341 Xll,
564 3273 618 3329 25:
648 3274 739 3329 Omne
755 3291 879 3350 regnum
896 3273 924 3328 ia
944 3291 975 3328 se
991 3272 1113 3328 divisam
1138 3273 1327 3332 desolabitur.

343 3361 378 3415 Si
399 3377 474 3438 ergo
498 3361 610 3416 Sathan
634 3361 661 3415 in
690 3378 721 3416 se
749 3360 859 3416 divisus
891 3371 943 3431 est,
973 3361 1116 3434 qiminodo
1144 3359 1231 3417 stabit
1259 3378 1328 3438 reg·

342 3467 409 3504 tium
434 3447 547 3524 ipsius?
569 3450 605 3503 Et
622 3446 819 3504 confirmatur
841 3466 894 3521 per
918 3465 1091 3521 processum
1114 3447 1187 3503 isaie
1204 3449 1251 3518 lX,
1276 3447 1328 3503 ubi

343 3537 504 3610 prophetat
537 3549 646 3592 statum
682 3534 807 3591 ecclesie
840 3550 1017 3609 atempore
1045 3533 1230 3608 incepcionis
1253 3533 1328 3608 legis

343 3623 443 3697 gracie
467 3641 561 3698 usque
585 3624 623 3679 ad
648 3621 728 3678 diem
753 3622 866 3689 iudicii,
890 3621 1062 3695 incipiendo
1087 3623 1143 3678 hoc
1167 3636 1286 3695 tempus
1310 3622 1374 3679 alf>

343 3709 554 3785 predicacione
579 3707 701 3777 Christi,
735 3709 806 3782 quia
842 3725 873 3765 ut
898 3708 971 3765 dicit
997 3709 1060 3783 ipse
1076 3708 1228 3766 Christus:
1263 3709 1329 3764 Lex

342 3811 368 3854 et
389 3798 533 3874 prophete
556 3815 643 3872 usque
671 3798 711 3852 ad
732 3797 902 3852 iohannem.
938 3796 1039 3853 Primo
1072 3815 1142 3870 ergo
1167 3797 1329 3870 prophetat

345 3886 434 3942 lsaias
474 3883 639 3942 efficaciam
688 3882 908 3958 predicacionis
955 3884 1076 3951 Christi,
1122 3886 1192 3939 dum
1239 3882 1327 3939 dicit:

343 3973 443 4028 Primo
480 3985 610 4048 tempore
645 3972 782 4028 alleviata
820 3984 862 4027 est
901 3983 982 4027 terra
1021 3972 1149 4026 Zabulon
1182 3982 1208 4025 et
1246 3983 1328 4027 terra

395 4254 412 4281 ι.
431 4240 457 4282 ll:
466 4237 566 4294 salsum.
636 4250 665 4278 io.
682 4240 714 4278 A:
729 4238 770 4278 sed
784 4237 855 4277 deest.
911 4234 944 4277 la.
962 4235 990 4277 ll:
1008 4236 1049 4278 isle
1065 4234 1176 4276 (Iliristuv.

398 4368 437 4417 31.
462 4365 595 4423 lailrelll,
624 4379 660 4428 ¹7·
716 4364 1017 4426 33.1s.1x,1etseqq.
1073 4360 1113 4413 liti.
1134 4360 1328 4419 h·latth.h'l,13‚

347 4436 418 4485 lulio
438 4435 503 4489 XVl,
527 4432 556 4482 ili
575 4445 624 4483 cte.
685 4435 724 4499 39.
745 4433 777 4482 ls.
797 4433 838 4485 [Χ.
861 4448 879 4480 ι.
