3098 5130
194 505 348 588 crnvrn]
471 524 517 574 or:
538 523 775 573 nnrrcnmsro
798 523 860 572 nn.
879 523 909 572 n.

195 685 336 740 Nostrum
361 694 402 739 est
428 684 552 740 donante
575 684 638 758 ipso
662 683 853 739 ministerium
878 683 1011 738 carituris
1035 694 1062 738 et
1086 683 1178 737 hunri-

195 771 284 826 litatis
306 771 460 826 adhibere:
487 771 566 826 illius
589 782 630 827 est
655 771 800 826 exaudire
822 789 856 826 ne
880 789 931 826 uos
954 771 989 825 ab
1014 770 1093 825 onrni
1113 788 1178 845 pec-

194 870 325 914 catorum
358 858 605 914 contnnritraeione
639 859 781 914 inundare
812 876 868 934 per
906 858 1055 912 Christum
1089 868 1115 912 et
1154 858 1180 910 in

199 945 327 1012 Christo,
353 955 382 999 u!
406 946 483 1019 quod
506 946 572 1000 aliis
595 945 685 1000 eciam
712 945 884 1000 dimittimus
901 945 955 999 hoc
978 956 1029 1014 est,
1055 945 1081 998 in
1099 956 1180 999 terro

172 1032 343 1097 §soluimus
367 1033 500 1087 soluatur
522 1033 550 1087 in
574 1032 645 1088 celo.
670 1034 732 1088 llec
756 1031 951 1104 Augustinus,

574 1307 677 1371 CAP.
701 1307 800 1370 VIII.

239 1454 279 1508 Ex
312 1450 377 1508 istis
412 1464 495 1526 patet
527 1454 608 1526 quod
634 1464 677 1507 est
702 1450 816 1507 infideli
841 1450 973 1507 deterior
1006 1449 1057 1525 qui
1091 1464 1180 1524 negat
1216 1455 1371 1516 lrisltheacr

196 1541 277 1612 quod
294 1540 351 1595 hoc
367 1539 479 1596 lactum
498 1538 610 1596 Christi
635 1537 672 1596 sit
688 1538 860 1612 exemplum
879 1536 1005 1594 ecclesie
1031 1551 1178 1595 annotan·
1196 1507 1355 1616 ‘’fiininitiii
1371 1517 1394 1552 ¹⁰

195 1628 276 1683 dum.
310 1626 405 1682 Aliter
428 1626 508 1683 enirn
534 1625 670 1683 Christus
704 1644 860 1699 nunquam
894 1638 1028 1698 surgeret
1061 1627 1098 1682 ab
1123 1625 1180 1681 ista
1200 1611 1384 1720 59:¹2⁵ssssssssss

157 1731 269 1775 iocena
308 1712 457 1787 solempni
501 1727 529 1769 et
568 1714 733 1786 deponeret
778 1712 965 1779 vestimenta,
1017 1725 1048 1767 ut
1096 1725 1179 1786 puta,
1252 1718 1338 1760 torus.

194 1800 339 1870 tunicam,
364 1814 393 1857 et
417 1799 605 1875 precingeret
629 1818 660 1856 se
684 1799 800 1856 lintheo
824 1812 852 1855 et
875 1800 989 1856 lavaret
1006 1801 1098 1873 pedes
1122 1798 1181 1855 dis-

194 1886 300 1960 cipulis
324 1885 359 1944 in'
377 1889 433 1944 hac
456 1888 565 1964 forma,
589 1906 645 1944 nec
669 1900 712 1944 est
735 1886 814 1943 fideli
839 1885 972 1960 suspicio
989 1887 1034 1943 vel
1050 1886 1182 1943 scintilla

194 1974 347 2031 evidencie
372 1977 453 2049 quod
478 1974 616 2030 Christus
648 1973 696 2030 hic
733 1973 868 2047 loquitur
891 1987 1078 2046 arroganter,
1112 1992 1180 2030 cum

100 2072 166 2138 434⁶
194 2061 231 2117 sit
255 2061 438 2136 principium
474 2060 542 2117 lidei
579 2062 660 2135 quod
686 2060 822 2117 Christus
855 2061 892 2116 sit
915 2079 1002 2117 verus
1023 2055 1027 2141 Ι
1049 2063 1129 2117 Deus
1152 2072 1181 2116 et

156 2164 281 2214 15verus
314 2149 406 2206 horno
438 2161 467 2205 et
491 2167 544 2222 per
568 2165 755 2223 consequens
783 2146 938 2222 superbire
974 2166 1034 2204 non
1070 2146 1180 2220 poterit

194 2235 239 2292 vel
263 2254 404 2310 peccare:
429 2254 531 2292 verum
550 2234 640 2307 igitur
657 2248 700 2292 est
724 2236 805 2309 quod
823 2233 952 2310 apostoli
974 2235 1017 2291 sic
1034 2247 1182 2290 vocarunt

195 2322 363 2381 Christum:
388 2325 414 2379 Ο
441 2322 583 2396 magister
606 2336 634 2379 et
651 2321 785 2388 domine,
809 2340 877 2378 cum
899 2320 1127 2378 antonomatice
1144 2319 1182 2377 sit

194 2423 369 2485 utrumque.
394 2413 435 2465 Ex
452 2428 512 2484 quo
530 2422 667 2484 patenter
692 2410 794 2466 fideles
819 2407 993 2465 convicium
1019 2410 1099 2483 quod
1125 2406 1181 2482 ipsi

195 2499 303 2555 debent
326 2496 426 2554 lavare
443 2496 597 2569 reciproce
614 2498 704 2570 pedes
719 2515 800 2564 suos,
825 2515 892 2552 cum
912 2496 1054 2552 dominus
1077 2493 1181 2550 mundi

153 2614 184 2647 20
195 2582 321 2659 exempli
346 2584 447 2658 gracia
471 2584 512 2639 ita
537 2583 616 2640 fecit.

238 2674 273 2728 Et
309 2689 341 2727 ex
377 2671 434 2727 isto
467 2671 570 2726 fideles
593 2673 728 2727 secundo
754 2671 877 2727 eliciunt
910 2671 992 2744 quod
1026 2667 1180 2725 christiani

194 2757 302 2831 singuli
327 2759 436 2815 debent
460 2757 612 2814 Christum
631 2757 660 2813 in
684 2757 817 2814 moribus
835 2770 863 2814 et
880 2756 1051 2830 specialiter
1075 2754 1104 2810 in
1121 2772 1181 2810 ser-

193 2844 287 2902 vitute
311 2845 416 2901 humili
441 2845 566 2914 imitari,
600 2863 667 2900 cum
694 2845 835 2917 magister
861 2844 994 2919 optimus
1027 2841 1076 2898 hic
1100 2841 1180 2898 dicat

194 2934 275 3005 quod
300 2933 356 2989 hoc
390 2931 458 2989 lecit
490 2933 528 2988 ad
552 2933 782 3005 exemplandum
808 2930 869 2987 suis
894 2930 1042 2996 fidelibus,
1068 2941 1099 2984 ut
1124 2927 1179 3002 ipsi

152 3018 350 3093 25reciproce
374 3019 417 3076 sic
442 3018 564 3075 faciant.

235 3109 277 3163 Ex
309 3125 369 3181 quo
405 3119 488 3180 patet
520 3106 602 3180 quod
626 3107 663 3162 ud
699 3124 818 3161 sensum
845 3104 998 3161 misticum
1023 3101 1179 3159 christiani
1218 3104 1334 3200 parting
1348 3108 1375 3149 or

194 3195 302 3250 debent
325 3194 426 3251 lavare
450 3191 602 3266 reciproce
626 3211 697 3249 suos
721 3195 826 3265 pedes;
861 3204 889 3247 et
924 3193 980 3247 hoc
1004 3192 1092 3247 docet
1116 3208 1180 3246 ver·
1211 3164 1374 3263 helephiieiiii.

194 3283 264 3337 bum
290 3280 413 3337 Domini
435 3282 557 3355 quando
581 3279 667 3336 dicit:
693 3281 729 3335 Et
749 3298 801 3335 vos
826 3278 941 3334 debetis
964 3278 1040 3334 alter
1057 3276 1179 3334 alterius
1195 3262 1392 3356 ζξξξζῆξςξξξξζξ

194 3368 294 3425 lavare
326 3370 427 3443 pedes.
471 3367 502 3424 Si
540 3380 640 3424 autem
675 3364 805 3439 apostoli
841 3364 891 3440 qui
925 3377 1011 3422 erant
1039 3363 1178 3437 discipuli

152 3454 305 3519 soclrrisri
338 3453 517 3530 dignissimi,
542 3456 598 3511 hoc
627 3454 776 3510 docebant
800 3453 954 3526 quomodo
979 3465 1104 3525 possunt
1136 3449 1179 3505 in·

195 3541 318 3599 seriores
342 3541 406 3599 eius
430 3541 570 3614 discipuli
595 3542 632 3596 ah
656 3542 712 3596 hoc
739 3539 907 3595 ministerio
931 3536 1077 3596 excusari.
1113 3540 1180 3593 Non

195 3643 295 3685 autem
321 3629 460 3703 concipio
484 3631 564 3702 quod
583 3627 720 3683 Christus
746 3626 793 3682 hic
819 3627 942 3681 mundat
959 3626 1004 3681 vel
1026 3625 1179 3699 apostolos

195 3717 239 3773 vel
263 3730 423 3790 sequentes
456 3716 620 3789 discipulos
646 3716 745 3770 lavare
769 3713 948 3786 generaliter
973 3712 1126 3785 reciproce
1151 3725 1179 3765 et

195 3804 392 3878 corporaliter
402 3823 472 3859 suos
489 3805 589 3877 pedes,
601 3804 654 3858 sed
667 3801 784 3857 mistice
801 3802 881 3875 quod
900 3799 1008 3870 singuli
1024 3796 1179 3854 christiani

152 3891 296 3948 35iuvent
319 3904 435 3948 ceteros
465 3890 588 3947 ecclesie
613 3891 649 3945 ud
674 3888 853 3944 allecciones
885 3887 985 3942 anime
1015 3903 1181 3959 expurgan-

195 3979 266 4033 dum
306 3991 333 4034 et
371 3997 432 4034 non
471 3977 613 4034 omittant
645 3991 915 4049 quantumcunque
949 3973 1061 4029 humile
1095 3970 1180 4027 mini·

193 4065 317 4122 sterium
342 4065 413 4121 dum
438 4064 577 4138 congruit
602 4065 639 4119 ad
665 4063 742 4118 istud
769 4062 909 4118 effectum
937 4060 1118 4117 laciendum.
1144 4061 1181 4113 Et

245 4409 264 4451 5.
283 4409 318 4450 A:
337 4409 466 4450 solvantur:
571 4409 600 4449 18.
621 4408 642 4448 Α
662 4408 684 4447 iu
701 4417 787 4458 marg:
805 4419 822 4445 r.
918 4415 947 4445 ar.
970 4405 991 4444 A
1007 4402 1029 4444 in
1048 4415 1133 4456 marg:
1157 4411 1177 4443 2.

194 4458 226 4502 35.
241 4462 274 4502 A:
290 4459 433 4516 effercr'ones.
