3098 5130
229 534 295 580 cue.
316 521 370 605 ιν]
496 541 540 592 os
560 540 797 592 suriensisso
818 541 881 591 iio.
901 541 930 591 11.

226 701 417 777 perturbatus
448 711 475 756 et
504 701 572 776 plus
604 718 801 777 expavescens
836 701 984 757 Christum
1019 701 1075 758 sibi
1111 703 1217 780 negari

229 806 314 865 quam
339 789 490 863 usquead
512 806 581 846 suos
599 789 690 865 pedes
714 788 879 844 humiliari:
911 789 1046 858 Domine,
1078 790 1129 860 ait,
1159 806 1215 845 non

231 886 342 931 tantum
362 875 454 951 pedes
470 893 559 946 meos,
582 876 636 932 sed
658 886 685 931 et
708 894 810 933 manus
833 886 861 931 et
883 887 979 952 caput.
1007 877 1132 945 Quando
1155 877 1215 952 qui-

231 963 296 1019 dem
328 962 370 1019 sic
401 962 524 1019 minaris
547 962 673 1019 lavanda
702 963 753 1018 tibi
774 964 905 1019 membra
930 981 1003 1029 mea,
1042 981 1098 1020 non
1121 964 1215 1020 solum

206 1050 289 1106 bima
326 1068 382 1106 non
413 1049 555 1106 subtraho
589 1068 689 1106 verum
722 1049 811 1106 eciam
842 1051 940 1125 prima
971 1050 1133 1107 substerno.
1173 1052 1218 1108 Ne

231 1137 302 1193 mihi
324 1155 413 1214 neges
441 1136 611 1213 capiendum
636 1148 729 1193 tecum
758 1148 887 1213 partem,
926 1138 1036 1193 nullam
1067 1138 1119 1193 tibi
1141 1156 1217 1215 nego

231 1225 403 1280 abluendam
439 1224 497 1280 mei
523 1225 656 1300 corporis
687 1235 815 1300 partem.
855 1225 934 1280 Dicit
968 1225 994 1280 ei
1019 1224 1118 1281 lesus:
1160 1225 1219 1294 Qui

232 1311 307 1367 lotus
329 1322 372 1367 est
395 1330 450 1367 non
475 1311 560 1367 habet
588 1329 660 1386 opus
683 1311 740 1367 nisi
758 1313 849 1387 pedes
872 1313 974 1367 lavare
997 1313 1049 1367 sed
1071 1323 1113 1367 est
1136 1330 1216 1367 mun·

233 1400 286 1455 dus
309 1409 395 1454 totus.

193 1505 221 1536 ιο
275 1486 333 1541 Hic
356 1497 508 1542 moueatur
523 1487 611 1561 forte
626 1485 689 1562 quis
711 1496 738 1541 et
763 1485 850 1557 dicat,
874 1486 962 1541 immo
985 1487 1012 1541 si
1034 1487 1159 1543 mundus
1175 1496 1216 1542 est
1266 1499 1315 1553 Sup
1335 1497 1415 1559 osea·

231 1584 315 1644 totus,
341 1574 410 1648 quid
431 1573 459 1629 ei
480 1591 552 1648 opus
567 1583 609 1628 est
632 1573 678 1628 vel
695 1573 784 1648 pedes
807 1573 933 1628 lavare?
954 1573 1098 1630 Dominus
1121 1583 1215 1630 autem
1226 1557 1433 1647 ‘Cssg},}⁰{¹,‘},¹}d¹}¹

232 1671 355 1718 noverat
379 1661 455 1735 quod
478 1661 601 1731 dicebat,
640 1660 759 1716 eciamsi
785 1672 885 1717 nostra
910 1660 1067 1736 infirmitas
1089 1660 1149 1717 eius
1172 1679 1216 1716 se-

232 1758 311 1805 creta
335 1767 391 1804 non
410 1757 556 1824 penetrat.
586 1747 789 1804 Verumtamen
813 1758 951 1821 quantum
975 1766 1027 1804 nos
1050 1749 1168 1804 erudire
1191 1758 1218 1803 et

231 1852 270 1891 ex
293 1835 359 1913 lege
373 1853 427 1890 sua
442 1836 547 1892 docere
570 1835 722 1912 dignatur,
742 1852 800 1909 pro
822 1845 908 1910 captu
925 1853 998 1908 mco,
1018 1853 1077 1911 pro
1100 1836 1218 1891 modulo

193 1933 295 1984 15meo
317 1922 429 1997 aliquid
460 1922 550 1979 eciam
583 1940 639 1999 ego
663 1923 699 1977 de
721 1921 805 1977 huius
837 1922 991 1996 questionis
1011 1923 1219 1998 profunditate

232 2010 282 2064 illo
307 2008 464 2065 adiuvante
491 2010 682 2084 respondeam
715 2026 749 2064 ac
768 2009 898 2084 primum
923 2010 1016 2086 ipsam
1041 2009 1217 2065 locucionem

233 2114 287 2152 non
311 2096 368 2153 sibi
390 2114 451 2153 esse
474 2096 654 2153 contrariam
672 2096 821 2171 facillime
844 2098 1003 2153 ostendam.

280 2184 353 2252 Quis
376 2184 449 2240 enim
474 2202 529 2239 non
553 2184 592 2239 ita
617 2183 775 2240 rectissime
798 2183 877 2258 loqui
894 2185 1003 2260 possit:
1026 2183 1155 2239 Mundus
1178 2194 1219 2239 est

234 2281 310 2327 totus
330 2282 434 2346 preter
457 2272 557 2346 pedes.
590 2271 770 2348 Elegancius
801 2281 896 2326 autem
929 2271 1059 2347 loquitur
1085 2270 1112 2327 si
1135 2270 1219 2326 dicit:

192 2358 363 2414 ²0Mundus
385 2368 428 2414 est
450 2369 526 2415 totus
557 2359 613 2414 nisi
631 2359 720 2433 pedes
743 2358 820 2432 quod
841 2360 1009 2414 tantundem
1035 2358 1121 2414 valet.
1153 2357 1219 2414 Hoc

234 2463 308 2522 ergo
331 2445 373 2500 ait
396 2445 554 2501 Dominus.-
577 2446 643 2501 Non
661 2445 745 2501 habet
769 2463 841 2520 opus
863 2444 919 2500 nisi
936 2446 1027 2521 pedes
1044 2445 1146 2500 lauare
1167 2444 1220 2501 sed

236 2543 277 2588 est
292 2533 417 2588 mundus
439 2542 523 2589 totus.
555 2533 644 2588 Totus
660 2532 754 2607 utique
774 2542 877 2607 preter
889 2533 979 2607 pedes
1003 2532 1049 2587 uel
1063 2532 1119 2587 nisi
1129 2532 1220 2608 pedes

235 2637 306 2695 quos
329 2619 415 2674 habet
438 2638 509 2695 opus
533 2620 644 2679 lauare.

280 2707 338 2762 Sed
360 2706 429 2782 quid
451 2717 493 2763 est
516 2707 593 2762 hoc?
615 2708 684 2781 quid
706 2706 762 2763 sibi
777 2707 863 2761 vult?
885 2706 939 2762 hoc
960 2707 1153 2763 necessarium
1178 2718 1340 2784 estSolusion
1355 2722 1432 2765 ottne

194 2805 224 2856 25
237 2804 267 2849 ut
288 2794 470 2869 queramus?
494 2793 646 2864 Dominus,
670 2795 738 2850 dicit
762 2794 882 2863 Veritas,
907 2793 1036 2868 loquitur
1055 2795 1132 2869 quod
1148 2812 1220 2869 opus
1273 2774 1392 2832 ‘'mum''

237 2881 340 2936 habeat
360 2881 450 2956 pedes
474 2881 576 2936 lavare
592 2881 680 2937 eciam
706 2882 755 2937 ille
771 2881 819 2956 qui
834 2881 910 2936 lotus
933 2891 984 2940 est.
1012 2881 1091 2949 Quid
1099 2881 1220 2955 fratres

236 2968 302 3040 mei,
325 2968 394 3043 quid
406 2968 541 3044 putatis?
564 2968 630 3025 Nisi
651 2969 716 3043 quia
740 2969 825 3023 homo
846 2968 873 3021 in
897 2978 995 3024 sancto
1012 2968 1125 3042 quidem
1150 2969 1220 3044 bap-

237 3055 321 3110 tismo
344 3066 421 3110 totus
444 3055 583 3125 abluitur,
610 3073 665 3111 non
687 3067 790 3131 preter
809 3055 900 3131 pedes
922 3055 974 3110 sed
996 3065 1073 3111 totus
1096 3055 1221 3122 omnino,

238 3152 457 3218 verumptamen
481 3160 544 3198 cum
569 3142 597 3197 in
621 3143 708 3199 rebus
731 3141 864 3197 humanis
876 3152 978 3216 postea
1003 3142 1111 3198 vivitur
1127 3143 1222 3216 utique

195 3244 227 3293 30
237 3241 318 3286 terra
343 3229 485 3285 calcatur.
524 3230 585 3305 Ipsi
607 3229 700 3305 igitur
731 3229 852 3285 humani
881 3229 1002 3304 affectus
1033 3230 1095 3286 sine
1122 3230 1222 3305 quibus

237 3317 264 3372 in
289 3316 344 3372 hac
368 3316 548 3373 mortalitate
576 3335 631 3372 non
655 3316 764 3371 vivitur
786 3315 870 3391 quasi
887 3317 978 3390 pedes
1000 3327 1076 3388 stent,
1114 3317 1163 3372 ubi
1184 3335 1222 3372 ex

238 3404 372 3460 humanis
395 3404 481 3460 rebus
504 3403 662 3480 afficimur,
687 3413 713 3459 et
736 3404 778 3459 sic
793 3402 944 3480 afficimur
967 3414 997 3458 ut
1017 3404 1044 3459 si
1057 3404 1223 3460 dixerimus

238 3491 303 3566 quia
324 3502 475 3566 peccatum
501 3509 556 3546 non
586 3491 723 3547 habemus
747 3509 798 3546 nos
822 3491 901 3564 ipsos
924 3490 1101 3565 decipiamus
1125 3502 1151 3546 et
1175 3508 1221 3547 ue·

239 3577 312 3633 ritas
335 3596 390 3633 non
413 3578 450 3633 sit
473 3578 500 3633 in
525 3578 614 3636 nobis.
659 3578 771 3633 Cotidie
794 3573 888 3654 igilur
915 3578 1005 3654 pedes
1029 3578 1108 3632 lava
1132 3578 1222 3648 nobis,

197 3678 226 3731 35
239 3665 288 3741 qui
318 3665 484 3741 interpellat
514 3683 572 3740 pro
605 3665 685 3721 nobis
708 3675 734 3720 et
758 3664 863 3720 cotidie
891 3683 943 3720 nos
966 3682 1037 3739 opus
1060 3665 1170 3720 habere
1193 3675 1223 3718 ut

234 3753 323 3828 pedes
350 3753 491 3817 lavemus,
523 3752 553 3807 id
576 3764 627 3817 est,
656 3752 718 3807 arias
749 3751 944 3826 spiritualium
967 3769 1122 3828 gressuum
1153 3751 1223 3806 diri·

237 3857 345 3916 gamus
368 3840 396 3894 in
420 3840 482 3916 ipsa
503 3839 641 3895 oracione
656 3839 798 3894 dominica
815 3838 995 3914 confitemur,
1019 3855 1083 3893 cum
1102 3838 1224 3895 dicimus

240 3926 349 3982 dimitte
372 3927 452 3982 nobis
476 3927 570 3983 debita
594 3937 705 3999 nostra,
728 3926 801 3981 sicut
824 3935 851 3981 et
875 3943 926 3982 nos
949 3925 1121 3981 dimittimus
1145 3926 1222 3982 debi-

293 4256 308 4288 ι.
323 4246 357 4288 A:
374 4242 470 4288 Christi.
537 4256 557 4300 7.
573 4246 595 4287 A
605 4244 628 4287 in
639 4255 725 4298 marga
743 4243 846 4299 Questio.
915 4255 946 4286 ιο.
961 4242 992 4285 B:
1008 4240 1055 4285 Hic
1067 4248 1160 4285 moreat
1171 4243 1224 4298 quis

239 4294 361 4353 fortassis.
430 4295 460 4340 18.
476 4299 498 4340 Α
512 4297 535 4339 in
552 4308 637 4350 murga
653 4296 843 4357 Responsropib.
856 4297 896 4357 ¹h:
908 4301 995 4357 posset.
1054 4306 1086 4338 22.
1103 4295 1132 4338 B:
1152 4294 1224 4338 Totus

240 4350 325 4404 utique.
394 4359 429 4401 24.
446 4349 473 4391 B:
491 4349 554 4403 quod
566 4350 616 4392 sibi.
684 4348 715 4392 32.
736 4351 772 4391 A:
786 4360 820 4390 sce
833 4349 969 4390 dixerimus.

295 4476 333 4535 124.
354 4474 371 4523 1.
389 4473 448 4525 Joh.
468 4474 486 4535 1,
504 4476 529 4523 u.
602 4475 643 4525 35.
661 4475 739 4524 Rom.
758 4474 824 4535 viu,
845 4475 886 4535 34„
958 4471 998 4524 38.
1018 4471 1162 4534 uastum,
1187 4488 1224 4522 ια.
