<?xml version="1.0" encoding="UTF-8"?>
<!DOCTYPE html PUBLIC "-//W3C//DTD XHTML 1.0 Transitional//EN"
    "http://www.w3.org/TR/xhtml1/DTD/xhtml1-transitional.dtd">
<html xmlns="http://www.w3.org/1999/xhtml" xml:lang="en" lang="en">
 <head>
  <title>
</title>
<meta http-equiv="Content-Type" content="text/html;charset=utf-8" />
  <meta name='ocr-system' content='tesseract 3.04.00' />
  <meta name='ocr-capabilities' content='ocr_page ocr_carea ocr_par ocr_line ocrx_word'/>
</head>
<body>
  <div class='ocr_page' id='page_1' title='image "./iohanniswyclifo01wyclgoog_0314.png"; bbox 0 0 3098 5130; ppageno 0'>
   <div class='ocr_carea' id='block_1_1' title="bbox 219 441 1418 525">
    <p class='ocr_par' dir='ltr' id='par_1_1' title="bbox 219 441 1418 525">
     <span class='ocr_line' id='line_1_1' title="bbox 219 441 1418 525; baseline 0.014 -19"><span class='ocrx_word' id='word_1_1' title='bbox 219 455 285 498; x_wconf 72' lang='lat' dir='ltr'><em>cm.</em></span> <span class='ocrx_word' id='word_1_2' title='bbox 301 441 417 524; x_wconf 58' lang='lat' dir='ltr'><em>extus]</em></span> <span class='ocrx_word' id='word_1_3' title='bbox 500 463 545 512; x_wconf 79' lang='lat' dir='ltr'><em>oe</em></span> <span class='ocrx_word' id='word_1_4' title='bbox 564 463 802 514; x_wconf 74' lang='lat' dir='ltr'><em>nurseurusro</em></span> <span class='ocrx_word' id='word_1_5' title='bbox 823 463 886 512; x_wconf 76' lang='lat' dir='ltr'><em>tta.</em></span> <span class='ocrx_word' id='word_1_6' title='bbox 906 463 924 512; x_wconf 91' lang='lat'><em>1.</em></span> <span class='ocrx_word' id='word_1_7' title='bbox 1358 465 1418 525; x_wconf 83' lang='lat'><em>275</em></span> 
     </span>
    </p>
   </div>
   <div class='ocr_carea' id='block_1_2' title="bbox 178 623 1417 3835">
    <p class='ocr_par' dir='ltr' id='par_1_2' title="bbox 197 623 1417 1398">
     <span class='ocr_line' id='line_1_2' title="bbox 263 623 1369 696; baseline 0.002 -20"><span class='ocrx_word' id='word_1_8' title='bbox 263 623 359 694; x_wconf 88' lang='lat' dir='ltr'>Super</span> <span class='ocrx_word' id='word_1_9' title='bbox 393 640 453 695; x_wconf 92' lang='lat' dir='ltr'><em>quo</em></span> <span class='ocrx_word' id='word_1_10' title='bbox 486 625 678 696; x_wconf 88' lang='lat' dir='ltr'><em>leronymus:</em></span> <span class='ocrx_word' id='word_1_11' title='bbox 719 624 844 681; x_wconf 74' lang='lat' dir='ltr'><em>Tollitur</em></span> <span class='ocrx_word' id='word_1_12' title='bbox 876 634 971 680; x_wconf 88' lang='lat' dir='ltr'><em>autem</em></span> <span class='ocrx_word' id='word_1_13' title='bbox 1005 625 1143 680; x_wconf 81' lang='lat' dir='ltr'><em>talentum</em></span> <span class='ocrx_word' id='word_1_14' title='bbox 1177 635 1204 679; x_wconf 92' lang='lat' dir='ltr'><em>et</em></span> <span class='ocrx_word' id='word_1_15' title='bbox 1264 634 1369 679; x_wconf 81' lang='lat' dir='ltr'><em>terome:</em></span> 
     </span>
     <span class='ocr_line' id='line_1_3' title="bbox 221 687 1417 794; baseline 0.003 -33"><span class='ocrx_word' id='word_1_16' title='bbox 221 708 310 763; x_wconf 88' lang='lat' dir='ltr'><em>datur</em></span> <span class='ocrx_word' id='word_1_17' title='bbox 332 709 359 764; x_wconf 92' lang='lat' dir='ltr'><em>ei</em></span> <span class='ocrx_word' id='word_1_18' title='bbox 380 710 429 784; x_wconf 82' lang='lat' dir='ltr'><em>qrti</em></span> <span class='ocrx_word' id='word_1_19' title='bbox 452 710 548 766; x_wconf 90' lang='lat' dir='ltr'><em>decem</em></span> <span class='ocrx_word' id='word_1_20' title='bbox 574 712 682 767; x_wconf 89' lang='lat' dir='ltr'><em>talenta</em></span> <span class='ocrx_word' id='word_1_21' title='bbox 699 711 820 784; x_wconf 82' lang='lat' dir='ltr'><em>fecerat</em></span> <span class='ocrx_word' id='word_1_22' title='bbox 843 722 873 766; x_wconf 88' lang='lat' dir='ltr'><em>ut</em></span> <span class='ocrx_word' id='word_1_23' title='bbox 896 711 1104 788; x_wconf 79' lang='lat' dir='ltr'><em>intelligamus,</em></span> <span class='ocrx_word' id='word_1_24' title='bbox 1138 711 1204 767; x_wconf 88' lang='lat' dir='ltr'><em>licet</em></span> <span class='ocrx_word' id='word_1_25' title='bbox 1215 687 1417 794; x_wconf 47' lang='lat' dir='ltr'><em>“Ilffssssfflssff</em></span> 
     </span>
     <span class='ocr_line' id='line_1_4' title="bbox 220 793 1403 886; baseline 0.003 -38"><span class='ocrx_word' id='word_1_26' title='bbox 220 795 246 849; x_wconf 88' lang='lat' dir='ltr'><em>iu</em></span> <span class='ocrx_word' id='word_1_27' title='bbox 271 796 420 870; x_wconf 87' lang='lat' dir='ltr'><em>utriusque</em></span> <span class='ocrx_word' id='word_1_28' title='bbox 443 797 544 854; x_wconf 89' lang='lat' dir='ltr'><em>labore</em></span> <span class='ocrx_word' id='word_1_29' title='bbox 572 800 674 874; x_wconf 84' lang='lat' dir='ltr'><em>equale</em></span> <span class='ocrx_word' id='word_1_30' title='bbox 696 799 732 853; x_wconf 90' lang='lat' dir='ltr'><em>sit</em></span> <span class='ocrx_word' id='word_1_31' title='bbox 754 799 897 876; x_wconf 88' lang='lat' dir='ltr'><em>gaudium</em></span> <span class='ocrx_word' id='word_1_32' title='bbox 922 798 1050 870; x_wconf 82' lang='lat' dir='ltr'><em>Domini,</em></span> <span class='ocrx_word' id='word_1_33' title='bbox 1075 799 1129 854; x_wconf 85' lang='lat' dir='ltr'><em>lroc</em></span> <span class='ocrx_word' id='word_1_34' title='bbox 1152 809 1203 868; x_wconf 88' lang='lat' dir='ltr'><em>est,</em></span> <span class='ocrx_word' id='word_1_35' title='bbox 1228 793 1275 836; x_wconf 79' lang='lat' dir='ltr'><em>uim</em></span> <span class='ocrx_word' id='word_1_36' title='bbox 1291 793 1344 886; x_wconf 45' lang='lat'>{2¹¹⁰</span> <span class='ocrx_word' id='word_1_37' title='bbox 1359 793 1403 834; x_wconf 64' lang='lat'><em>¹¹³³</em></span> 
     </span>
     <span class='ocr_line' id='line_1_5' title="bbox 219 878 1338 961; baseline 0.001 -24"><span class='ocrx_word' id='word_1_38' title='bbox 219 894 245 937; x_wconf 93' lang='lat' dir='ltr'><em>et</em></span> <span class='ocrx_word' id='word_1_39' title='bbox 278 883 338 938; x_wconf 89' lang='lat' dir='ltr'><em>eius</em></span> <span class='ocrx_word' id='word_1_40' title='bbox 375 885 425 959; x_wconf 84' lang='lat' dir='ltr'><em>qui</em></span> <span class='ocrx_word' id='word_1_41' title='bbox 445 885 568 961; x_wconf 82' lang='lat' dir='ltr'><em>quinque</em></span> <span class='ocrx_word' id='word_1_42' title='bbox 600 886 628 940; x_wconf 90' lang='lat' dir='ltr'><em>in</em></span> <span class='ocrx_word' id='word_1_43' title='bbox 661 886 758 941; x_wconf 89' lang='lat' dir='ltr'><em>decem</em></span> <span class='ocrx_word' id='word_1_44' title='bbox 792 886 993 961; x_wconf 78' lang='lat' dir='ltr'><em>duplicaverat</em></span> <span class='ocrx_word' id='word_1_45' title='bbox 1025 898 1052 942; x_wconf 92' lang='lat' dir='ltr'><em>et</em></span> <span class='ocrx_word' id='word_1_46' title='bbox 1075 886 1135 941; x_wconf 87' lang='lat' dir='ltr'><em>eius</em></span> <span class='ocrx_word' id='word_1_47' title='bbox 1158 885 1207 960; x_wconf 84' lang='lat' dir='ltr'><em>qui</em></span> <span class='ocrx_word' id='word_1_48' title='bbox 1334 878 1338 886; x_wconf 77' lang='grc'><strong>’</strong></span> 
     </span>
     <span class='ocr_line' id='line_1_6' title="bbox 197 970 1206 1048; baseline 0.003 -25"><span class='ocrx_word' id='word_1_49' title='bbox 197 970 277 1025; x_wconf 77' lang='lat' dir='ltr'><em>idno</em></span> <span class='ocrx_word' id='word_1_50' title='bbox 301 971 328 1025; x_wconf 89' lang='lat' dir='ltr'><em>iu</em></span> <span class='ocrx_word' id='word_1_51' title='bbox 352 982 495 1044; x_wconf 82' lang='lat' dir='ltr'><em>qriatuor,·</em></span> <span class='ocrx_word' id='word_1_52' title='bbox 517 983 612 1027; x_wconf 89' lang='lat' dir='ltr'><em>tamen</em></span> <span class='ocrx_word' id='word_1_53' title='bbox 637 973 730 1027; x_wconf 84' lang='lat' dir='ltr'><em>rrrairts</em></span> <span class='ocrx_word' id='word_1_54' title='bbox 747 973 847 1029; x_wconf 87' lang='lat' dir='ltr'><em>deberi</em></span> <span class='ocrx_word' id='word_1_55' title='bbox 866 973 1012 1047; x_wconf 81' lang='lat' dir='ltr'><em>premium</em></span> <span class='ocrx_word' id='word_1_56' title='bbox 1029 973 1056 1029; x_wconf 89' lang='lat' dir='ltr'><em>ei</em></span> <span class='ocrx_word' id='word_1_57' title='bbox 1076 973 1126 1048; x_wconf 84' lang='lat' dir='ltr'><em>qui</em></span> <span class='ocrx_word' id='word_1_58' title='bbox 1137 972 1206 1047; x_wconf 87' lang='lat' dir='ltr'><em>plus</em></span> 
     </span>
     <span class='ocr_line' id='line_1_7' title="bbox 220 1057 1206 1135; baseline 0.002 -25"><span class='ocrx_word' id='word_1_59' title='bbox 220 1057 247 1111; x_wconf 89' lang='lat' dir='ltr'><em>in</em></span> <span class='ocrx_word' id='word_1_60' title='bbox 272 1059 395 1132; x_wconf 87' lang='lat' dir='ltr'><em>pecunia</em></span> <span class='ocrx_word' id='word_1_61' title='bbox 425 1059 534 1116; x_wconf 88' lang='lat' dir='ltr'><em>domini</em></span> <span class='ocrx_word' id='word_1_62' title='bbox 565 1060 720 1116; x_wconf 82' lang='lat' dir='ltr'><em>laborarit.</em></span> <span class='ocrx_word' id='word_1_63' title='bbox 762 1061 844 1115; x_wconf 86' lang='lat' dir='ltr'><em>Unde</em></span> <span class='ocrx_word' id='word_1_64' title='bbox 877 1060 946 1115; x_wconf 90' lang='lat' dir='ltr'><em>dicit</em></span> <span class='ocrx_word' id='word_1_65' title='bbox 977 1070 1004 1115; x_wconf 90' lang='lat' dir='ltr'><em>et</em></span> <span class='ocrx_word' id='word_1_66' title='bbox 1033 1059 1206 1135; x_wconf 81' lang='lat' dir='ltr'><em>Apostolus:</em></span> 
     </span>
     <span class='ocr_line' id='line_1_8' title="bbox 222 1144 1206 1225; baseline 0.003 -28"><span class='ocrx_word' id='word_1_67' title='bbox 222 1144 417 1225; x_wconf 70' lang='lat' dir='ltr'><em>Presbyteros</em></span> <span class='ocrx_word' id='word_1_68' title='bbox 440 1147 563 1217; x_wconf 81' lang='lat' dir='ltr'><em>honora,</em></span> <span class='ocrx_word' id='word_1_69' title='bbox 602 1148 650 1221; x_wconf 78' lang='lat' dir='ltr'><em>qui</em></span> <span class='ocrx_word' id='word_1_70' title='bbox 672 1165 740 1202; x_wconf 84' lang='lat' dir='ltr'><em>vere</em></span> <span class='ocrx_word' id='word_1_71' title='bbox 764 1147 937 1225; x_wconf 79' lang='lat' dir='ltr'><em>presbyteri</em></span> <span class='ocrx_word' id='word_1_72' title='bbox 962 1158 1037 1217; x_wconf 86' lang='lat' dir='ltr'><em>sunt,</em></span> <span class='ocrx_word' id='word_1_73' title='bbox 1077 1147 1206 1202; x_wconf 76' lang='lat' dir='ltr'><em>maxime</em></span> 
     </span>
     <span class='ocr_line' id='line_1_9' title="bbox 220 1234 1206 1309; baseline 0 -23"><span class='ocrx_word' id='word_1_74' title='bbox 220 1234 269 1305; x_wconf 87' lang='lat' dir='ltr'><em>qui</em></span> <span class='ocrx_word' id='word_1_75' title='bbox 291 1234 426 1289; x_wconf 88' lang='lat' dir='ltr'><em>laborant</em></span> <span class='ocrx_word' id='word_1_76' title='bbox 460 1234 488 1288; x_wconf 91' lang='lat' dir='ltr'><em>in</em></span> <span class='ocrx_word' id='word_1_77' title='bbox 514 1235 600 1289; x_wconf 79' lang='lat' dir='ltr'><em>uerbo</em></span> <span class='ocrx_word' id='word_1_78' title='bbox 625 1234 689 1291; x_wconf 88' lang='lat' dir='ltr'><em>Dei.</em></span> <span class='ocrx_word' id='word_1_79' title='bbox 727 1234 775 1289; x_wconf 81' lang='lat' dir='ltr'><em>Ex</em></span> <span class='ocrx_word' id='word_1_80' title='bbox 810 1253 842 1290; x_wconf 91' lang='lat' dir='ltr'><em>eo</em></span> <span class='ocrx_word' id='word_1_81' title='bbox 877 1235 953 1309; x_wconf 88' lang='lat' dir='ltr'><em>quod</em></span> <span class='ocrx_word' id='word_1_82' title='bbox 985 1234 1080 1290; x_wconf 88' lang='lat' dir='ltr'><em>malus</em></span> <span class='ocrx_word' id='word_1_83' title='bbox 1102 1251 1206 1290; x_wconf 81' lang='lat' dir='ltr'><em>servus</em></span> 
     </span>
     <span class='ocr_line' id='line_1_10' title="bbox 220 1321 1206 1398; baseline -0.001 -23"><span class='ocrx_word' id='word_1_84' title='bbox 220 1339 307 1376; x_wconf 86' lang='lat' dir='ltr'><em>ausus</em></span> <span class='ocrx_word' id='word_1_85' title='bbox 330 1332 372 1376; x_wconf 88' lang='lat' dir='ltr'><em>est</em></span> <span class='ocrx_word' id='word_1_86' title='bbox 396 1322 508 1376; x_wconf 90' lang='lat' dir='ltr'><em>dicere:</em></span> <span class='ocrx_word' id='word_1_87' title='bbox 539 1322 628 1377; x_wconf 82' lang='lat' dir='ltr'><em>Metis</em></span> <span class='ocrx_word' id='word_1_88' title='bbox 651 1321 701 1377; x_wconf 90' lang='lat' dir='ltr'><em>ubi</em></span> <span class='ocrx_word' id='word_1_89' title='bbox 722 1339 776 1376; x_wconf 92' lang='lat' dir='ltr'><em>non</em></span> <span class='ocrx_word' id='word_1_90' title='bbox 799 1321 949 1378; x_wconf 85' lang='lat' dir='ltr'><em>seminasti</em></span> <span class='ocrx_word' id='word_1_91' title='bbox 981 1332 1008 1377; x_wconf 94' lang='lat' dir='ltr'><em>et</em></span> <span class='ocrx_word' id='word_1_92' title='bbox 1037 1338 1206 1398; x_wconf 77' lang='lat' dir='ltr'><em>congregas</em></span> 
     </span>
    </p>

    <p class='ocr_par' dir='ltr' id='par_1_3' title="bbox 182 1408 1206 1835">
     <span class='ocr_line' id='line_1_11' title="bbox 182 1408 1204 1486; baseline 0.002 -25"><span class='ocrx_word' id='word_1_93' title='bbox 182 1409 269 1463; x_wconf 82' lang='lat' dir='ltr'><em>ioubi</em></span> <span class='ocrx_word' id='word_1_94' title='bbox 291 1428 346 1463; x_wconf 89' lang='lat' dir='ltr'><em>nou</em></span> <span class='ocrx_word' id='word_1_95' title='bbox 369 1409 512 1483; x_wconf 86' lang='lat' dir='ltr'><em>sparsisti,</em></span> <span class='ocrx_word' id='word_1_96' title='bbox 546 1408 745 1485; x_wconf 82' lang='lat' dir='ltr'><em>intelligamus</em></span> <span class='ocrx_word' id='word_1_97' title='bbox 768 1408 857 1464; x_wconf 87' lang='lat' dir='ltr'><em>eciam</em></span> <span class='ocrx_word' id='word_1_98' title='bbox 881 1408 1033 1486; x_wconf 87' lang='lat' dir='ltr'><em>gentilium</em></span> <span class='ocrx_word' id='word_1_99' title='bbox 1063 1419 1090 1464; x_wconf 93' lang='lat' dir='ltr'><em>et</em></span> <span class='ocrx_word' id='word_1_100' title='bbox 1109 1408 1204 1483; x_wconf 81' lang='lat' dir='ltr'><em>philo·</em></span> 
     </span>
     <span class='ocr_line' id='line_1_12' title="bbox 220 1494 1204 1570; baseline -0.002 -20"><span class='ocrx_word' id='word_1_101' title='bbox 220 1497 380 1570; x_wconf 83' lang='lat' dir='ltr'><em>sophorum</em></span> <span class='ocrx_word' id='word_1_102' title='bbox 405 1495 509 1550; x_wconf 91' lang='lat' dir='ltr'><em>bonam</em></span> <span class='ocrx_word' id='word_1_103' title='bbox 534 1495 623 1550; x_wconf 81' lang='lat' dir='ltr'><em>uitam</em></span> <span class='ocrx_word' id='word_1_104' title='bbox 653 1496 785 1570; x_wconf 87' lang='lat' dir='ltr'><em>recipere</em></span> <span class='ocrx_word' id='word_1_105' title='bbox 808 1496 967 1552; x_wconf 90' lang='lat' dir='ltr'><em>Dominum</em></span> <span class='ocrx_word' id='word_1_106' title='bbox 992 1506 1019 1551; x_wconf 92' lang='lat' dir='ltr'><em>et</em></span> <span class='ocrx_word' id='word_1_107' title='bbox 1042 1495 1129 1551; x_wconf 90' lang='lat' dir='ltr'><em>aliter</em></span> <span class='ocrx_word' id='word_1_108' title='bbox 1152 1494 1204 1550; x_wconf 86' lang='lat' dir='ltr'><em>lta·</em></span> 
     </span>
     <span class='ocr_line' id='line_1_13' title="bbox 221 1581 1206 1660; baseline -0.001 -23"><span class='ocrx_word' id='word_1_109' title='bbox 221 1584 288 1637; x_wconf 89' lang='lat' dir='ltr'><em>bere</em></span> <span class='ocrx_word' id='word_1_110' title='bbox 311 1601 360 1638; x_wconf 92' lang='lat' dir='ltr'><em>eos</em></span> <span class='ocrx_word' id='word_1_111' title='bbox 383 1583 433 1656; x_wconf 83' lang='lat' dir='ltr'><em>qui</em></span> <span class='ocrx_word' id='word_1_112' title='bbox 454 1583 536 1652; x_wconf 89' lang='lat' dir='ltr'><em>iuste,</em></span> <span class='ocrx_word' id='word_1_113' title='bbox 560 1594 587 1637; x_wconf 91' lang='lat' dir='ltr'><em>et</em></span> <span class='ocrx_word' id='word_1_114' title='bbox 610 1582 698 1638; x_wconf 88' lang='lat' dir='ltr'><em>aliter</em></span> <span class='ocrx_word' id='word_1_115' title='bbox 721 1600 770 1638; x_wconf 90' lang='lat' dir='ltr'><em>eos</em></span> <span class='ocrx_word' id='word_1_116' title='bbox 792 1583 842 1658; x_wconf 89' lang='lat' dir='ltr'><em>qui</em></span> <span class='ocrx_word' id='word_1_117' title='bbox 864 1583 967 1638; x_wconf 89' lang='lat' dir='ltr'><em>iniuste</em></span> <span class='ocrx_word' id='word_1_118' title='bbox 990 1593 1092 1660; x_wconf 88' lang='lat' dir='ltr'><em>agant,</em></span> <span class='ocrx_word' id='word_1_119' title='bbox 1117 1593 1143 1637; x_wconf 94' lang='lat' dir='ltr'><em>et</em></span> <span class='ocrx_word' id='word_1_120' title='bbox 1166 1581 1206 1637; x_wconf 88' lang='lat' dir='ltr'><em>ad</em></span> 
     </span>
     <span class='ocr_line' id='line_1_14' title="bbox 221 1669 1205 1747; baseline 0 -23"><span class='ocrx_word' id='word_1_121' title='bbox 221 1671 472 1745; x_wconf 76' lang='lat' dir='ltr'><em>comparationem</em></span> <span class='ocrx_word' id='word_1_122' title='bbox 507 1669 567 1725; x_wconf 90' lang='lat' dir='ltr'><em>eius</em></span> <span class='ocrx_word' id='word_1_123' title='bbox 590 1669 639 1744; x_wconf 82' lang='lat' dir='ltr'><em>qui</em></span> <span class='ocrx_word' id='word_1_124' title='bbox 671 1670 802 1725; x_wconf 89' lang='lat' dir='ltr'><em>naturali</em></span> <span class='ocrx_word' id='word_1_125' title='bbox 835 1670 897 1747; x_wconf 90' lang='lat' dir='ltr'><em>legi</em></span> <span class='ocrx_word' id='word_1_126' title='bbox 917 1670 1027 1726; x_wconf 82' lang='lat' dir='ltr'><em>serviat</em></span> <span class='ocrx_word' id='word_1_127' title='bbox 1051 1670 1205 1743; x_wconf 92' lang='lat' dir='ltr'><em>condemp-</em></span> 
     </span>
     <span class='ocr_line' id='line_1_15' title="bbox 221 1755 1204 1835; baseline -0.002 -24"><span class='ocrx_word' id='word_1_128' title='bbox 221 1756 288 1811; x_wconf 90' lang='lat' dir='ltr'><em>nari</em></span> <span class='ocrx_word' id='word_1_129' title='bbox 330 1775 378 1813; x_wconf 94' lang='lat' dir='ltr'><em>eos</em></span> <span class='ocrx_word' id='word_1_130' title='bbox 410 1757 459 1831; x_wconf 88' lang='lat' dir='ltr'><em>qui</em></span> <span class='ocrx_word' id='word_1_131' title='bbox 488 1756 627 1831; x_wconf 87' lang='lat' dir='ltr'><em>scriptam</em></span> <span class='ocrx_word' id='word_1_132' title='bbox 671 1757 766 1834; x_wconf 90' lang='lat' dir='ltr'><em>legem</em></span> <span class='ocrx_word' id='word_1_133' title='bbox 800 1756 964 1835; x_wconf 85' lang='lat' dir='ltr'><em>negligant.</em></span> <span class='ocrx_word' id='word_1_134' title='bbox 1007 1756 1094 1813; x_wconf 91' lang='lat' dir='ltr'><em>Omni</em></span> <span class='ocrx_word' id='word_1_135' title='bbox 1130 1755 1204 1811; x_wconf 90' lang='lat' dir='ltr'><em>enim</em></span> 
     </span>
    </p>

    <p class='ocr_par' dir='ltr' id='par_1_4' title="bbox 182 1842 1206 2268">
     <span class='ocr_line' id='line_1_16' title="bbox 182 1842 1205 1919; baseline -0.002 -20"><span class='ocrx_word' id='word_1_136' title='bbox 182 1842 208 1892; x_wconf 75' lang='lat'><em>15</em></span> <span class='ocrx_word' id='word_1_137' title='bbox 221 1844 337 1899; x_wconf 80' lang='lat' dir='ltr'><em>babenti</em></span> <span class='ocrx_word' id='word_1_138' title='bbox 359 1844 478 1899; x_wconf 89' lang='lat' dir='ltr'><em>dabitur</em></span> <span class='ocrx_word' id='word_1_139' title='bbox 500 1855 527 1899; x_wconf 93' lang='lat' dir='ltr'><em>et</em></span> <span class='ocrx_word' id='word_1_140' title='bbox 549 1843 706 1899; x_wconf 81' lang='lat' dir='ltr'><em>abundabit</em></span> <span class='ocrx_word' id='word_1_141' title='bbox 729 1855 782 1900; x_wconf 88' lang='lat' dir='ltr'><em>etc.</em></span> <span class='ocrx_word' id='word_1_142' title='bbox 806 1844 897 1899; x_wconf 85' lang='lat' dir='ltr'><em>Multi</em></span> <span class='ocrx_word' id='word_1_143' title='bbox 911 1862 975 1899; x_wconf 90' lang='lat' dir='ltr'><em>cum</em></span> <span class='ocrx_word' id='word_1_144' title='bbox 991 1843 1048 1900; x_wconf 91' lang='lat' dir='ltr'><em>sint</em></span> <span class='ocrx_word' id='word_1_145' title='bbox 1063 1843 1205 1919; x_wconf 89' lang='lat' dir='ltr'><em>sapientes</em></span> 
     </span>
     <span class='ocr_line' id='line_1_17' title="bbox 221 1929 1205 2008; baseline -0.001 -23"><span class='ocrx_word' id='word_1_146' title='bbox 221 1931 396 1987; x_wconf 87' lang='lat' dir='ltr'><em>naturaliter</em></span> <span class='ocrx_word' id='word_1_147' title='bbox 419 1943 446 1986; x_wconf 85' lang='lat' dir='ltr'><em>et</em></span> <span class='ocrx_word' id='word_1_148' title='bbox 469 1931 593 1986; x_wconf 83' lang='lat' dir='ltr'><em>habeant</em></span> <span class='ocrx_word' id='word_1_149' title='bbox 620 1949 740 1986; x_wconf 88' lang='lat' dir='ltr'><em>acumen</em></span> <span class='ocrx_word' id='word_1_150' title='bbox 767 1931 885 2008; x_wconf 87' lang='lat' dir='ltr'><em>ingenii,</em></span> <span class='ocrx_word' id='word_1_151' title='bbox 922 1932 950 1986; x_wconf 90' lang='lat' dir='ltr'><em>si</em></span> <span class='ocrx_word' id='word_1_152' title='bbox 966 1931 1085 2006; x_wconf 78' lang='lat' dir='ltr'><em>fuerint</em></span> <span class='ocrx_word' id='word_1_153' title='bbox 1113 1929 1205 2008; x_wconf 89' lang='lat' dir='ltr'><em>negli-</em></span> 
     </span>
     <span class='ocr_line' id='line_1_18' title="bbox 219 2017 1204 2095; baseline -0.003 -22"><span class='ocrx_word' id='word_1_154' title='bbox 219 2030 321 2095; x_wconf 84' lang='lat' dir='ltr'><em>gentes</em></span> <span class='ocrx_word' id='word_1_155' title='bbox 344 2030 371 2074; x_wconf 92' lang='lat' dir='ltr'><em>et</em></span> <span class='ocrx_word' id='word_1_156' title='bbox 394 2018 505 2074; x_wconf 87' lang='lat' dir='ltr'><em>desidia</em></span> <span class='ocrx_word' id='word_1_157' title='bbox 541 2029 645 2073; x_wconf 89' lang='lat' dir='ltr'><em>nature</em></span> <span class='ocrx_word' id='word_1_158' title='bbox 677 2020 780 2073; x_wconf 91' lang='lat' dir='ltr'><em>bonum</em></span> <span class='ocrx_word' id='word_1_159' title='bbox 811 2017 998 2092; x_wconf 88' lang='lat' dir='ltr'><em>corruperint</em></span> <span class='ocrx_word' id='word_1_160' title='bbox 1026 2019 1066 2072; x_wconf 93' lang='lat' dir='ltr'><em>ad</em></span> <span class='ocrx_word' id='word_1_161' title='bbox 1088 2034 1204 2091; x_wconf 88' lang='lat' dir='ltr'><em>compa·</em></span> 
     </span>
     <span class='ocr_line' id='line_1_19' title="bbox 222 2102 1206 2180; baseline -0.001 -22"><span class='ocrx_word' id='word_1_162' title='bbox 222 2106 366 2161; x_wconf 84' lang='lat' dir='ltr'><em>racionem</em></span> <span class='ocrx_word' id='word_1_163' title='bbox 390 2106 451 2160; x_wconf 90' lang='lat' dir='ltr'><em>eins</em></span> <span class='ocrx_word' id='word_1_164' title='bbox 473 2105 521 2180; x_wconf 85' lang='lat' dir='ltr'><em>qui</em></span> <span class='ocrx_word' id='word_1_165' title='bbox 540 2105 694 2180; x_wconf 90' lang='lat' dir='ltr'><em>paululum</em></span> <span class='ocrx_word' id='word_1_166' title='bbox 719 2104 844 2180; x_wconf 83' lang='lat' dir='ltr'><em>tardior,</em></span> <span class='ocrx_word' id='word_1_167' title='bbox 879 2105 980 2160; x_wconf 90' lang='lat' dir='ltr'><em>labore</em></span> <span class='ocrx_word' id='word_1_168' title='bbox 1008 2115 1034 2158; x_wconf 91' lang='lat' dir='ltr'><em>ct</em></span> <span class='ocrx_word' id='word_1_169' title='bbox 1061 2102 1206 2159; x_wconf 90' lang='lat' dir='ltr'><em>industria</em></span> 
     </span>
     <span class='ocr_line' id='line_1_20' title="bbox 221 2192 1206 2268; baseline -0.003 -21"><span class='ocrx_word' id='word_1_170' title='bbox 221 2193 417 2267; x_wconf 78' lang='lat' dir='ltr'><em>corripensauit</em></span> <span class='ocrx_word' id='word_1_171' title='bbox 440 2193 518 2268; x_wconf 84' lang='lat' dir='ltr'><em>quod</em></span> <span class='ocrx_word' id='word_1_172' title='bbox 540 2192 634 2247; x_wconf 86' lang='lat' dir='ltr'><em>nrinus</em></span> <span class='ocrx_word' id='word_1_173' title='bbox 651 2193 758 2262; x_wconf 82' lang='lat' dir='ltr'><em>babuit,</em></span> <span class='ocrx_word' id='word_1_174' title='bbox 778 2192 909 2266; x_wconf 88' lang='lat' dir='ltr'><em>perdunt</em></span> <span class='ocrx_word' id='word_1_175' title='bbox 931 2192 1035 2247; x_wconf 89' lang='lat' dir='ltr'><em>bouum</em></span> <span class='ocrx_word' id='word_1_176' title='bbox 1053 2202 1157 2246; x_wconf 90' lang='lat' dir='ltr'><em>nature</em></span> <span class='ocrx_word' id='word_1_177' title='bbox 1179 2201 1206 2245; x_wconf 91' lang='lat' dir='ltr'><em>et</em></span> 
     </span>
    </p>

    <p class='ocr_par' dir='ltr' id='par_1_5' title="bbox 180 2277 1207 2701">
     <span class='ocr_line' id='line_1_21' title="bbox 180 2277 1206 2354; baseline -0.004 -19"><span class='ocrx_word' id='word_1_178' title='bbox 180 2280 364 2354; x_wconf 77' lang='lat' dir='ltr'><em>eoprerru&#39;um</em></span> <span class='ocrx_word' id='word_1_179' title='bbox 398 2280 475 2354; x_wconf 84' lang='lat' dir='ltr'><em>quod</em></span> <span class='ocrx_word' id='word_1_180' title='bbox 506 2279 545 2334; x_wconf 90' lang='lat' dir='ltr'><em>eis</em></span> <span class='ocrx_word' id='word_1_181' title='bbox 569 2279 675 2353; x_wconf 75' lang='lat' dir='ltr'><em>fuerat</em></span> <span class='ocrx_word' id='word_1_182' title='bbox 700 2279 909 2353; x_wconf 88' lang='lat' dir='ltr'><em>repromissum</em></span> <span class='ocrx_word' id='word_1_183' title='bbox 950 2279 1045 2333; x_wconf 80' lang='lat' dir='ltr'><em>vident</em></span> <span class='ocrx_word' id='word_1_184' title='bbox 1079 2277 1206 2332; x_wconf 88' lang='lat' dir='ltr'><em>transire</em></span> 
     </span>
     <span class='ocr_line' id='line_1_22' title="bbox 220 2365 1206 2442; baseline -0.002 -22"><span class='ocrx_word' id='word_1_185' title='bbox 220 2367 260 2421; x_wconf 91' lang='lat' dir='ltr'><em>ad</em></span> <span class='ocrx_word' id='word_1_186' title='bbox 282 2367 365 2421; x_wconf 89' lang='lat' dir='ltr'><em>alios.</em></span> <span class='ocrx_word' id='word_1_187' title='bbox 400 2368 495 2422; x_wconf 86' lang='lat' dir='ltr'><em>l&#39;otest</em></span> <span class='ocrx_word' id='word_1_188' title='bbox 523 2378 549 2421; x_wconf 90' lang='lat' dir='ltr'><em>ct</em></span> <span class='ocrx_word' id='word_1_189' title='bbox 581 2366 622 2421; x_wconf 89' lang='lat' dir='ltr'><em>sic</em></span> <span class='ocrx_word' id='word_1_190' title='bbox 653 2365 793 2442; x_wconf 87' lang='lat' dir='ltr'><em>intelligi:</em></span> <span class='ocrx_word' id='word_1_191' title='bbox 825 2365 863 2420; x_wconf 81' lang='lat' dir='ltr'><em>Ei</em></span> <span class='ocrx_word' id='word_1_192' title='bbox 885 2365 934 2440; x_wconf 89' lang='lat' dir='ltr'><em>qui</em></span> <span class='ocrx_word' id='word_1_193' title='bbox 947 2365 1041 2442; x_wconf 80' lang='lat' dir='ltr'><em>fidem</em></span> <span class='ocrx_word' id='word_1_194' title='bbox 1071 2365 1155 2420; x_wconf 82' lang='lat' dir='ltr'><em>ltabet</em></span> <span class='ocrx_word' id='word_1_195' title='bbox 1179 2374 1206 2418; x_wconf 91' lang='lat' dir='ltr'><em>et</em></span> 
     </span>
     <span class='ocr_line' id='line_1_23' title="bbox 221 2452 1207 2527; baseline -0.002 -19"><span class='ocrx_word' id='word_1_196' title='bbox 221 2454 325 2508; x_wconf 88' lang='lat' dir='ltr'><em>bonum</em></span> <span class='ocrx_word' id='word_1_197' title='bbox 349 2453 376 2508; x_wconf 92' lang='lat' dir='ltr'><em>iu</em></span> <span class='ocrx_word' id='word_1_198' title='bbox 393 2453 520 2508; x_wconf 88' lang='lat' dir='ltr'><em>Domino</em></span> <span class='ocrx_word' id='word_1_199' title='bbox 538 2453 723 2523; x_wconf 70' lang='lat' dir='ltr'><em>seduntatem,</em></span> <span class='ocrx_word' id='word_1_200' title='bbox 741 2452 860 2508; x_wconf 90' lang='lat' dir='ltr'><em>eciamsi</em></span> <span class='ocrx_word' id='word_1_201' title='bbox 873 2453 943 2527; x_wconf 84' lang='lat' dir='ltr'><em>quid</em></span> <span class='ocrx_word' id='word_1_202' title='bbox 958 2453 1051 2507; x_wconf 89' lang='lat' dir='ltr'><em>minus</em></span> <span class='ocrx_word' id='word_1_203' title='bbox 1074 2452 1102 2507; x_wconf 89' lang='lat' dir='ltr'><em>iu</em></span> <span class='ocrx_word' id='word_1_204' title='bbox 1119 2468 1207 2526; x_wconf 90' lang='lat' dir='ltr'><em>opere</em></span> 
     </span>
     <span class='ocr_line' id='line_1_24' title="bbox 222 2538 1204 2615; baseline -0.003 -21"><span class='ocrx_word' id='word_1_205' title='bbox 222 2552 252 2595; x_wconf 92' lang='lat' dir='ltr'><em>ut</em></span> <span class='ocrx_word' id='word_1_206' title='bbox 267 2542 353 2596; x_wconf 87' lang='lat' dir='ltr'><em>lronro</em></span> <span class='ocrx_word' id='word_1_207' title='bbox 370 2541 512 2610; x_wconf 85' lang='lat' dir='ltr'><em>lrabuerit,</em></span> <span class='ocrx_word' id='word_1_208' title='bbox 537 2540 654 2595; x_wconf 79' lang='lat' dir='ltr'><em>dabitur</em></span> <span class='ocrx_word' id='word_1_209' title='bbox 670 2559 687 2594; x_wconf 90' lang='lat' dir='ltr'><em>a</em></span> <span class='ocrx_word' id='word_1_210' title='bbox 704 2540 777 2596; x_wconf 91' lang='lat' dir='ltr'><em>bono</em></span> <span class='ocrx_word' id='word_1_211' title='bbox 798 2539 900 2595; x_wconf 88' lang='lat' dir='ltr'><em>iudice.</em></span> <span class='ocrx_word' id='word_1_212' title='bbox 930 2539 988 2607; x_wconf 86' lang='lat' dir='ltr'><em>Qui</em></span> <span class='ocrx_word' id='word_1_213' title='bbox 1007 2551 1102 2595; x_wconf 88' lang='lat' dir='ltr'><em>autem</em></span> <span class='ocrx_word' id='word_1_214' title='bbox 1110 2538 1204 2615; x_wconf 81' lang='lat' dir='ltr'><em>fidem</em></span> 
     </span>
     <span class='ocr_line' id='line_1_25' title="bbox 221 2626 1205 2701; baseline -0.003 -19"><span class='ocrx_word' id='word_1_215' title='bbox 221 2647 276 2682; x_wconf 88' lang='lat' dir='ltr'><em>nou</em></span> <span class='ocrx_word' id='word_1_216' title='bbox 300 2629 433 2683; x_wconf 84' lang='lat' dir='ltr'><em>habuerit</em></span> <span class='ocrx_word' id='word_1_217' title='bbox 457 2628 546 2683; x_wconf 91' lang='lat' dir='ltr'><em>eciam</em></span> <span class='ocrx_word' id='word_1_218' title='bbox 571 2639 683 2682; x_wconf 89' lang='lat' dir='ltr'><em>ceteras</em></span> <span class='ocrx_word' id='word_1_219' title='bbox 708 2627 829 2683; x_wconf 79' lang='lat' dir='ltr'><em>virtutes</em></span> <span class='ocrx_word' id='word_1_220' title='bbox 852 2644 923 2701; x_wconf 83' lang='lat' dir='ltr'><em>quas</em></span> <span class='ocrx_word' id='word_1_221' title='bbox 947 2626 1099 2682; x_wconf 80' lang='lat' dir='ltr'><em>uidebatur</em></span> <span class='ocrx_word' id='word_1_222' title='bbox 1123 2635 1205 2680; x_wconf 80' lang='lat' dir='ltr'><em>natri-</em></span> 
     </span>
    </p>

    <p class='ocr_par' dir='ltr' id='par_1_6' title="bbox 179 2712 1206 3136">
     <span class='ocr_line' id='line_1_26' title="bbox 179 2712 1206 2791; baseline 0.002 -27"><span class='ocrx_word' id='word_1_223' title='bbox 179 2715 326 2770; x_wconf 77' lang='lat' dir='ltr'><em>25raliter</em></span> <span class='ocrx_word' id='word_1_224' title='bbox 346 2715 500 2790; x_wconf 83' lang='lat' dir='ltr'><em>possidere</em></span> <span class='ocrx_word' id='word_1_225' title='bbox 520 2715 635 2789; x_wconf 85' lang='lat' dir='ltr'><em>perdet.</em></span> <span class='ocrx_word' id='word_1_226' title='bbox 661 2713 700 2768; x_wconf 84' lang='lat' dir='ltr'><em>Et</em></span> <span class='ocrx_word' id='word_1_227' title='bbox 723 2714 877 2791; x_wconf 89' lang='lat' dir='ltr'><em>eleganter</em></span> <span class='ocrx_word' id='word_1_228' title='bbox 900 2714 991 2789; x_wconf 82' lang='lat' dir='ltr'><em>inquit</em></span> <span class='ocrx_word' id='word_1_229' title='bbox 1014 2715 1104 2769; x_wconf 89' lang='lat' dir='ltr'><em>eciam</em></span> <span class='ocrx_word' id='word_1_230' title='bbox 1127 2712 1206 2788; x_wconf 83' lang='lat' dir='ltr'><em>quod</em></span> 
     </span>
     <span class='ocr_line' id='line_1_27' title="bbox 221 2799 1206 2876; baseline -0.003 -20"><span class='ocrx_word' id='word_1_231' title='bbox 221 2803 336 2858; x_wconf 79' lang='lat' dir='ltr'><em>uidetur</em></span> <span class='ocrx_word' id='word_1_232' title='bbox 360 2802 466 2858; x_wconf 85' lang='lat' dir='ltr'><em>ltabere</em></span> <span class='ocrx_word' id='word_1_233' title='bbox 489 2803 643 2876; x_wconf 82' lang='lat' dir='ltr'><em>auferetur·</em></span> <span class='ocrx_word' id='word_1_234' title='bbox 666 2801 702 2855; x_wconf 88' lang='lat' dir='ltr'><em>ab</em></span> <span class='ocrx_word' id='word_1_235' title='bbox 725 2820 766 2856; x_wconf 92' lang='lat' dir='ltr'><em>eo.</em></span> <span class='ocrx_word' id='word_1_236' title='bbox 803 2800 948 2874; x_wconf 87' lang='lat' dir='ltr'><em>Quicquid</em></span> <span class='ocrx_word' id='word_1_237' title='bbox 968 2802 1041 2857; x_wconf 87' lang='lat' dir='ltr'><em>eninr</em></span> <span class='ocrx_word' id='word_1_238' title='bbox 1065 2801 1126 2856; x_wconf 87' lang='lat' dir='ltr'><em>sine</em></span> <span class='ocrx_word' id='word_1_239' title='bbox 1140 2799 1206 2875; x_wconf 84' lang='lat' dir='ltr'><em>fide</em></span> 
     </span>
     <span class='ocr_line' id='line_1_28' title="bbox 224 2888 1206 2963; baseline -0.003 -19"><span class='ocrx_word' id='word_1_240' title='bbox 224 2889 336 2945; x_wconf 81' lang='lat' dir='ltr'><em>Christi</em></span> <span class='ocrx_word' id='word_1_241' title='bbox 358 2901 410 2963; x_wconf 87' lang='lat' dir='ltr'><em>est,</em></span> <span class='ocrx_word' id='word_1_242' title='bbox 434 2909 489 2945; x_wconf 90' lang='lat' dir='ltr'><em>nou</em></span> <span class='ocrx_word' id='word_1_243' title='bbox 514 2890 540 2943; x_wconf 91' lang='lat' dir='ltr'><em>ci</em></span> <span class='ocrx_word' id='word_1_244' title='bbox 562 2889 643 2943; x_wconf 87' lang='lat' dir='ltr'><em>debet</em></span> <span class='ocrx_word' id='word_1_245' title='bbox 676 2888 816 2961; x_wconf 89' lang='lat' dir='ltr'><em>imputari</em></span> <span class='ocrx_word' id='word_1_246' title='bbox 846 2889 894 2962; x_wconf 84' lang='lat' dir='ltr'><em>qui</em></span> <span class='ocrx_word' id='word_1_247' title='bbox 924 2889 999 2943; x_wconf 90' lang='lat' dir='ltr'><em>male</em></span> <span class='ocrx_word' id='word_1_248' title='bbox 1030 2888 1137 2943; x_wconf 88' lang='lat' dir='ltr'><em>abusus</em></span> <span class='ocrx_word' id='word_1_249' title='bbox 1164 2897 1206 2941; x_wconf 90' lang='lat' dir='ltr'><em>est</em></span> 
     </span>
     <span class='ocr_line' id='line_1_29' title="bbox 219 2975 1205 3051; baseline -0.003 -19"><span class='ocrx_word' id='word_1_250' title='bbox 219 2978 272 3032; x_wconf 89' lang='lat' dir='ltr'><em>sed</em></span> <span class='ocrx_word' id='word_1_251' title='bbox 295 2977 339 3031; x_wconf 88' lang='lat' dir='ltr'><em>illi</em></span> <span class='ocrx_word' id='word_1_252' title='bbox 360 2976 409 3051; x_wconf 83' lang='lat' dir='ltr'><em>qui</em></span> <span class='ocrx_word' id='word_1_253' title='bbox 430 2976 519 3032; x_wconf 89' lang='lat' dir='ltr'><em>eciam</em></span> <span class='ocrx_word' id='word_1_254' title='bbox 545 2976 623 3030; x_wconf 92' lang='lat' dir='ltr'><em>malo</em></span> <span class='ocrx_word' id='word_1_255' title='bbox 646 2991 732 3030; x_wconf 80' lang='lat' dir='ltr'><em>seruo</em></span> <span class='ocrx_word' id='word_1_256' title='bbox 756 2985 861 3030; x_wconf 91' lang='lat' dir='ltr'><em>nature</em></span> <span class='ocrx_word' id='word_1_257' title='bbox 876 2975 980 3031; x_wconf 86' lang='lat' dir='ltr'><em>boumn</em></span> <span class='ocrx_word' id='word_1_258' title='bbox 1005 2975 1117 3034; x_wconf 88' lang='lat' dir='ltr'><em>tribuit.</em></span> <span class='ocrx_word' id='word_1_259' title='bbox 1143 2975 1205 3029; x_wconf 86' lang='lat' dir='ltr'><em>Hec</em></span> 
     </span>
     <span class='ocr_line' id='line_1_30' title="bbox 220 3066 410 3136; baseline 0.016 -19"><span class='ocrx_word' id='word_1_260' title='bbox 220 3066 410 3136; x_wconf 71' lang='lat' dir='ltr'><em>leronymus</em></span> 
     </span>
    </p>

    <p class='ocr_par' dir='ltr' id='par_1_7' title="bbox 179 3147 1404 3572">
     <span class='ocr_line' id='line_1_31' title="bbox 179 3147 1404 3248; baseline -0.002 -42"><span class='ocrx_word' id='word_1_261' title='bbox 179 3148 210 3198; x_wconf 81' lang='lat'><em>30</em></span> <span class='ocrx_word' id='word_1_262' title='bbox 264 3153 306 3206; x_wconf 86' lang='lat' dir='ltr'><em>Ex</em></span> <span class='ocrx_word' id='word_1_263' title='bbox 330 3149 386 3205; x_wconf 92' lang='lat' dir='ltr'><em>hiis</em></span> <span class='ocrx_word' id='word_1_264' title='bbox 410 3149 499 3206; x_wconf 89' lang='lat' dir='ltr'><em>dictis</em></span> <span class='ocrx_word' id='word_1_265' title='bbox 524 3149 612 3205; x_wconf 88' lang='lat' dir='ltr'><em>huius</em></span> <span class='ocrx_word' id='word_1_266' title='bbox 641 3149 737 3205; x_wconf 85' lang='lat' dir='ltr'><em>sancti</em></span> <span class='ocrx_word' id='word_1_267' title='bbox 762 3147 958 3223; x_wconf 90' lang='lat' dir='ltr'><em>implicantur</em></span> <span class='ocrx_word' id='word_1_268' title='bbox 983 3148 1077 3203; x_wconf 84' lang='lat' dir='ltr'><em>multa</em></span> <span class='ocrx_word' id='word_1_269' title='bbox 1102 3147 1206 3203; x_wconf 89' lang='lat' dir='ltr'><em>catho-</em></span> <span class='ocrx_word' id='word_1_270' title='bbox 1234 3152 1404 3248; x_wconf 68' lang='lat' dir='ltr'><em>God&#39;spsuce</em></span> 
     </span>
     <span class='ocr_line' id='line_1_32' title="bbox 221 3205 1398 3311; baseline -0.003 -19"><span class='ocrx_word' id='word_1_271' title='bbox 221 3236 278 3293; x_wconf 91' lang='lat' dir='ltr'><em>lica</em></span> <span class='ocrx_word' id='word_1_272' title='bbox 312 3250 383 3293; x_wconf 88' lang='lat' dir='ltr'><em>nota</em></span> <span class='ocrx_word' id='word_1_273' title='bbox 417 3237 517 3311; x_wconf 84' lang='lat' dir='ltr'><em>digna,</em></span> <span class='ocrx_word' id='word_1_274' title='bbox 551 3236 683 3310; x_wconf 89' lang='lat' dir='ltr'><em>primum</em></span> <span class='ocrx_word' id='word_1_275' title='bbox 718 3239 800 3311; x_wconf 88' lang='lat' dir='ltr'><em>quod</em></span> <span class='ocrx_word' id='word_1_276' title='bbox 833 3234 945 3292; x_wconf 89' lang='lat' dir='ltr'><em>iustum</em></span> <span class='ocrx_word' id='word_1_277' title='bbox 979 3233 1124 3291; x_wconf 89' lang='lat' dir='ltr'><em>iudicium</em></span> <span class='ocrx_word' id='word_1_278' title='bbox 1151 3232 1206 3289; x_wconf 88' lang='lat' dir='ltr'><em>Dei</em></span> <span class='ocrx_word' id='word_1_279' title='bbox 1243 3205 1398 3300; x_wconf 47' lang='lat' dir='ltr'><em>&#39;‘ililhffnfh‘</em></span> 
     </span>
     <span class='ocr_line' id='line_1_33' title="bbox 224 3320 1206 3399; baseline -0.004 -20"><span class='ocrx_word' id='word_1_280' title='bbox 224 3324 351 3399; x_wconf 88' lang='lat' dir='ltr'><em>requirit</em></span> <span class='ocrx_word' id='word_1_281' title='bbox 374 3326 457 3398; x_wconf 91' lang='lat' dir='ltr'><em>quod</em></span> <span class='ocrx_word' id='word_1_282' title='bbox 483 3324 611 3381; x_wconf 84' lang='lat' dir='ltr'><em>fideliter</em></span> <span class='ocrx_word' id='word_1_283' title='bbox 635 3325 807 3380; x_wconf 83' lang='lat' dir='ltr'><em>laborantes</em></span> <span class='ocrx_word' id='word_1_284' title='bbox 831 3325 868 3379; x_wconf 93' lang='lat' dir='ltr'><em>ad</em></span> <span class='ocrx_word' id='word_1_285' title='bbox 893 3321 1055 3379; x_wconf 84' lang='lat' dir='ltr'><em>utilitatem</em></span> <span class='ocrx_word' id='word_1_286' title='bbox 1081 3320 1206 3378; x_wconf 89' lang='lat' dir='ltr'><em>ecclesie</em></span> 
     </span>
     <span class='ocr_line' id='line_1_34' title="bbox 222 3406 1208 3485; baseline -0.007 -16"><span class='ocrx_word' id='word_1_287' title='bbox 222 3430 274 3484; x_wconf 87' lang='lat' dir='ltr'><em>per</em></span> <span class='ocrx_word' id='word_1_288' title='bbox 306 3414 385 3468; x_wconf 88' lang='lat' dir='ltr'><em>bona</em></span> <span class='ocrx_word' id='word_1_289' title='bbox 418 3429 476 3485; x_wconf 91' lang='lat' dir='ltr'><em>que</em></span> <span class='ocrx_word' id='word_1_290' title='bbox 501 3414 580 3468; x_wconf 89' lang='lat' dir='ltr'><em>Deus</em></span> <span class='ocrx_word' id='word_1_291' title='bbox 613 3410 654 3467; x_wconf 90' lang='lat' dir='ltr'><em>eis</em></span> <span class='ocrx_word' id='word_1_292' title='bbox 679 3413 803 3468; x_wconf 88' lang='lat' dir='ltr'><em>dederat</em></span> <span class='ocrx_word' id='word_1_293' title='bbox 827 3412 981 3467; x_wconf 87' lang='lat' dir='ltr'><em>habebunt</em></span> <span class='ocrx_word' id='word_1_294' title='bbox 1004 3411 1083 3466; x_wconf 89' lang='lat' dir='ltr'><em>bona</em></span> <span class='ocrx_word' id='word_1_295' title='bbox 1108 3406 1208 3463; x_wconf 88' lang='lat' dir='ltr'><em>multi-</em></span> 
     </span>
     <span class='ocr_line' id='line_1_35' title="bbox 221 3496 1208 3572; baseline -0.006 -17"><span class='ocrx_word' id='word_1_296' title='bbox 221 3499 332 3572; x_wconf 85' lang='lat' dir='ltr'><em>plicata</em></span> <span class='ocrx_word' id='word_1_297' title='bbox 357 3499 387 3554; x_wconf 89' lang='lat' dir='ltr'><em>in</em></span> <span class='ocrx_word' id='word_1_298' title='bbox 413 3498 521 3571; x_wconf 81' lang='lat' dir='ltr'><em>patria,</em></span> <span class='ocrx_word' id='word_1_299' title='bbox 547 3518 614 3555; x_wconf 90' lang='lat' dir='ltr'><em>cum</em></span> <span class='ocrx_word' id='word_1_300' title='bbox 640 3498 714 3555; x_wconf 86' lang='lat' dir='ltr'><em>tales</em></span> <span class='ocrx_word' id='word_1_301' title='bbox 737 3511 825 3554; x_wconf 86' lang='lat' dir='ltr'><em>crunt</em></span> <span class='ocrx_word' id='word_1_302' title='bbox 849 3496 1004 3554; x_wconf 86' lang='lat' dir='ltr'><em>constituti</em></span> <span class='ocrx_word' id='word_1_303' title='bbox 1029 3514 1119 3569; x_wconf 85' lang='lat' dir='ltr'><em>super</em></span> <span class='ocrx_word' id='word_1_304' title='bbox 1143 3513 1208 3550; x_wconf 90' lang='lat' dir='ltr'><em>om-</em></span> 
     </span>
    </p>

    <p class='ocr_par' dir='ltr' id='par_1_8' title="bbox 178 3584 1208 3835">
     <span class='ocr_line' id='line_1_36' title="bbox 178 3584 1207 3657; baseline -0.008 -12"><span class='ocrx_word' id='word_1_305' title='bbox 178 3586 270 3645; x_wconf 68' lang='lat' dir='ltr'><em>binia</em></span> <span class='ocrx_word' id='word_1_306' title='bbox 295 3589 374 3642; x_wconf 89' lang='lat' dir='ltr'><em>bona</em></span> <span class='ocrx_word' id='word_1_307' title='bbox 399 3585 463 3655; x_wconf 87' lang='lat' dir='ltr'><em>Dei,</em></span> <span class='ocrx_word' id='word_1_308' title='bbox 488 3599 516 3641; x_wconf 89' lang='lat' dir='ltr'><em>et</em></span> <span class='ocrx_word' id='word_1_309' title='bbox 541 3585 591 3650; x_wconf 86' lang='lat' dir='ltr'><em>ita,</em></span> <span class='ocrx_word' id='word_1_310' title='bbox 616 3598 647 3640; x_wconf 91' lang='lat' dir='ltr'><em>ut</em></span> <span class='ocrx_word' id='word_1_311' title='bbox 673 3587 761 3642; x_wconf 85' lang='lat' dir='ltr'><em>habet</em></span> <span class='ocrx_word' id='word_1_312' title='bbox 787 3584 975 3657; x_wconf 84' lang='lat' dir='ltr'><em>evangelium</em></span> <span class='ocrx_word' id='word_1_313' title='bbox 996 3586 1085 3651; x_wconf 85' lang='lat' dir='ltr'><em>luce,</em></span> <span class='ocrx_word' id='word_1_314' title='bbox 1110 3584 1147 3638; x_wconf 91' lang='lat' dir='ltr'><em>ab</em></span> <span class='ocrx_word' id='word_1_315' title='bbox 1172 3599 1207 3637; x_wconf 90' lang='lat' dir='ltr'><em>eo</em></span> 
     </span>
     <span class='ocr_line' id='line_1_37' title="bbox 221 3669 1208 3747; baseline -0.005 -18"><span class='ocrx_word' id='word_1_316' title='bbox 221 3687 321 3729; x_wconf 86' lang='lat' dir='ltr'><em>autern</em></span> <span class='ocrx_word' id='word_1_317' title='bbox 347 3673 461 3730; x_wconf 81' lang='lat' dir='ltr'><em>infideli</em></span> <span class='ocrx_word' id='word_1_318' title='bbox 491 3672 542 3747; x_wconf 91' lang='lat' dir='ltr'><em>qui</em></span> <span class='ocrx_word' id='word_1_319' title='bbox 567 3692 629 3729; x_wconf 90' lang='lat' dir='ltr'><em>non</em></span> <span class='ocrx_word' id='word_1_320' title='bbox 653 3672 730 3728; x_wconf 88' lang='lat' dir='ltr'><em>iuste</em></span> <span class='ocrx_word' id='word_1_321' title='bbox 754 3674 844 3728; x_wconf 87' lang='lat' dir='ltr'><em>habet</em></span> <span class='ocrx_word' id='word_1_322' title='bbox 874 3671 989 3746; x_wconf 88' lang='lat' dir='ltr'><em>aliquid</em></span> <span class='ocrx_word' id='word_1_323' title='bbox 1014 3684 1042 3727; x_wconf 88' lang='lat' dir='ltr'><em>et</em></span> <span class='ocrx_word' id='word_1_324' title='bbox 1066 3670 1109 3726; x_wconf 90' lang='lat' dir='ltr'><em>sic</em></span> <span class='ocrx_word' id='word_1_325' title='bbox 1132 3669 1208 3725; x_wconf 91' lang='lat' dir='ltr'><em>illud</em></span> 
     </span>
     <span class='ocr_line' id='line_1_38' title="bbox 221 3761 1206 3835; baseline -0.006 -18"><span class='ocrx_word' id='word_1_326' title='bbox 221 3763 303 3835; x_wconf 87' lang='lat' dir='ltr'><em>quod</em></span> <span class='ocrx_word' id='word_1_327' title='bbox 336 3780 396 3816; x_wconf 89' lang='lat' dir='ltr'><em>non</em></span> <span class='ocrx_word' id='word_1_328' title='bbox 430 3762 519 3816; x_wconf 88' lang='lat' dir='ltr'><em>habet</em></span> <span class='ocrx_word' id='word_1_329' title='bbox 553 3761 706 3816; x_wconf 84' lang='lat' dir='ltr'><em>auferetur</em></span> <span class='ocrx_word' id='word_1_330' title='bbox 739 3762 776 3815; x_wconf 91' lang='lat' dir='ltr'><em>ab</em></span> <span class='ocrx_word' id='word_1_331' title='bbox 810 3778 856 3834; x_wconf 90' lang='lat' dir='ltr'><em>e0,</em></span> <span class='ocrx_word' id='word_1_332' title='bbox 891 3761 948 3815; x_wconf 90' lang='lat' dir='ltr'><em>hoc</em></span> <span class='ocrx_word' id='word_1_333' title='bbox 973 3773 1027 3825; x_wconf 84' lang='lat' dir='ltr'><em>est,</em></span> <span class='ocrx_word' id='word_1_334' title='bbox 1062 3775 1114 3831; x_wconf 86' lang='lat' dir='ltr'><em>per</em></span> <span class='ocrx_word' id='word_1_335' title='bbox 1137 3774 1206 3812; x_wconf 90' lang='lat' dir='ltr'><em>eum</em></span> 
     </span>
    </p>
   </div>
   <div class='ocr_carea' id='block_1_3' title="bbox 221 3842 1208 3923">
    <p class='ocr_par' dir='ltr' id='par_1_9' title="bbox 221 3842 1208 3923">
     <span class='ocr_line' id='line_1_39' title="bbox 221 3842 1208 3923; baseline -0.005 -20"><span class='ocrx_word' id='word_1_336' title='bbox 221 3848 272 3922; x_wconf 94' lang='lat' dir='ltr'><em>qui</em></span> <span class='ocrx_word' id='word_1_337' title='bbox 296 3847 374 3904; x_wconf 90' lang='lat' dir='ltr'><em>iuste</em></span> <span class='ocrx_word' id='word_1_338' title='bbox 395 3861 526 3923; x_wconf 85' lang='lat' dir='ltr'><em>occupat</em></span> <span class='ocrx_word' id='word_1_339' title='bbox 550 3849 628 3903; x_wconf 89' lang='lat' dir='ltr'><em>bona</em></span> <span class='ocrx_word' id='word_1_340' title='bbox 652 3847 722 3918; x_wconf 73' lang='lat' dir='ltr'><em>Dei,</em></span> <span class='ocrx_word' id='word_1_341' title='bbox 748 3861 776 3902; x_wconf 88' lang='lat' dir='ltr'><em>et</em></span> <span class='ocrx_word' id='word_1_342' title='bbox 800 3846 847 3903; x_wconf 86' lang='lat' dir='ltr'><em>hic</em></span> <span class='ocrx_word' id='word_1_343' title='bbox 873 3846 1016 3902; x_wconf 84' lang='lat' dir='ltr'><em>fundatur</em></span> <span class='ocrx_word' id='word_1_344' title='bbox 1037 3842 1208 3901; x_wconf 89' lang='lat' dir='ltr'><em>communis</em></span> 
     </span>
    </p>
   </div>
   <div class='ocr_carea' id='block_1_4' title="bbox 222 4204 1206 4316">
    <p class='ocr_par' dir='ltr' id='par_1_10' title="bbox 222 4204 1206 4316">
     <span class='ocr_line' id='line_1_40' title="bbox 274 4204 1206 4262; baseline -0.006 -10"><span class='ocrx_word' id='word_1_345' title='bbox 274 4209 417 4262; x_wconf 77' lang='lat' dir='ltr'><em>7.A:veri.</em></span> <span class='ocrx_word' id='word_1_346' title='bbox 500 4209 580 4250; x_wconf 70' lang='lat' dir='ltr'><em>raA:</em></span> <span class='ocrx_word' id='word_1_347' title='bbox 598 4207 685 4250; x_wconf 84' lang='lat' dir='ltr'><em>ltaberc</em></span> <span class='ocrx_word' id='word_1_348' title='bbox 703 4208 798 4261; x_wconf 83' lang='lat' dir='ltr'><em>eosqui</em></span> <span class='ocrx_word' id='word_1_349' title='bbox 816 4206 907 4249; x_wconf 85' lang='lat' dir='ltr'><em>iniuste.</em></span> <span class='ocrx_word' id='word_1_350' title='bbox 989 4204 1017 4248; x_wconf 77' lang='lat'><em>13.</em></span> <span class='ocrx_word' id='word_1_351' title='bbox 1041 4206 1074 4248; x_wconf 81' lang='lat' dir='ltr'><em>A:</em></span> <span class='ocrx_word' id='word_1_352' title='bbox 1096 4205 1206 4247; x_wconf 80' lang='lat' dir='ltr'><em>serviant.</em></span> 
     </span>
     <span class='ocr_line' id='line_1_41' title="bbox 222 4259 573 4316; baseline -0.003 -13"><span class='ocrx_word' id='word_1_353' title='bbox 222 4259 256 4304; x_wconf 83' lang='lat'><em>30.</em></span> <span class='ocrx_word' id='word_1_354' title='bbox 272 4264 292 4303; x_wconf 76' lang='grc' dir='ltr'>Α</span> <span class='ocrx_word' id='word_1_355' title='bbox 308 4263 330 4304; x_wconf 87' lang='lat' dir='ltr'><em>iu</em></span> <span class='ocrx_word' id='word_1_356' title='bbox 347 4273 432 4316; x_wconf 67' lang='lat' dir='ltr'><em>marg:</em></span> <span class='ocrx_word' id='word_1_357' title='bbox 447 4260 573 4304; x_wconf 75' lang='lat' dir='ltr'><em>lohannes.</em></span> 
     </span>
    </p>
   </div>
   <div class='ocr_carea' id='block_1_5' title="bbox 277 4400 1149 4536">
    <p class='ocr_par' dir='ltr' id='par_1_11' title="bbox 277 4400 1149 4536">
     <span class='ocr_line' id='line_1_42' title="bbox 277 4400 1149 4468; baseline -0.007 -14"><span class='ocrx_word' id='word_1_358' title='bbox 277 4421 297 4453; x_wconf 89' lang='lat' dir='ltr'><em>r.</em></span> <span class='ocrx_word' id='word_1_359' title='bbox 317 4406 421 4454; x_wconf 86' lang='lat' dir='ltr'><em>Comm.</em></span> <span class='ocrx_word' id='word_1_360' title='bbox 441 4405 466 4452; x_wconf 90' lang='lat' dir='ltr'><em>in</em></span> <span class='ocrx_word' id='word_1_361' title='bbox 486 4403 578 4453; x_wconf 84' lang='lat' dir='ltr'><em>Matth.</em></span> <span class='ocrx_word' id='word_1_362' title='bbox 597 4404 614 4452; x_wconf 93' lang='lat' dir='ltr'><em>l.</em></span> <span class='ocrx_word' id='word_1_363' title='bbox 634 4420 656 4452; x_wconf 86' lang='lat' dir='ltr'><em>c.</em></span> <span class='ocrx_word' id='word_1_364' title='bbox 675 4418 734 4468; x_wconf 81' lang='lat' dir='ltr'><em>pag.</em></span> <span class='ocrx_word' id='word_1_365' title='bbox 756 4400 813 4452; x_wconf 82' lang='lat'><em>208.</em></span> <span class='ocrx_word' id='word_1_366' title='bbox 884 4400 908 4450; x_wconf 84' lang='grc'><em>6.</em></span> <span class='ocrx_word' id='word_1_367' title='bbox 930 4402 947 4451; x_wconf 91' lang='lat' dir='ltr'><em>l.</em></span> <span class='ocrx_word' id='word_1_368' title='bbox 965 4400 1035 4449; x_wconf 88' lang='lat' dir='ltr'><em>Tim.</em></span> <span class='ocrx_word' id='word_1_369' title='bbox 1055 4401 1087 4461; x_wconf 90' lang='lat' dir='ltr'><em>V,</em></span> <span class='ocrx_word' id='word_1_370' title='bbox 1111 4415 1149 4464; x_wconf 87' lang='lat'><em>¹7·</em></span> 
     </span>
     <span class='ocr_line' id='line_1_43' title="bbox 1086 4485 1138 4536; baseline 0.019 -1"><span class='ocrx_word' id='word_1_371' title='bbox 1086 4485 1138 4536; x_wconf 69' lang='lat'><em>18*</em></span> 
     </span>
    </p>
   </div>
   <div class='ocr_carea' id='block_1_6' title="bbox 0 0 1555 5130">
    <p class='ocr_par' dir='ltr' id='par_1_12' title="bbox 0 0 1555 5130">
     <span class='ocr_line' id='line_1_44' title="bbox 0 0 1555 5130; baseline 0 0"><span class='ocrx_word' id='word_1_372' title='bbox 0 0 1555 5130; x_wconf 95' lang='lat' dir='ltr'><em> </em></span> 
     </span>
    </p>
   </div>
  </div>
 </body>
</html>
