3098 5130
132 1862 206 1916 Euery
221 1861 293 1903 crime
308 1860 327 1901 is

194 1926 206 1955 a
222 1913 258 1956 lie.

136 2386 267 2445 Hypocrisy
282 2397 326 2427 oue

152 2446 175 2481 ot
190 2441 228 2498 tlte
243 2443 316 2480 wotst

197 2503 254 2532 sins.

141 3243 192 3286 Tue
208 3252 268 3297 pope
283 3241 321 3283 the

157 3299 269 3339 lore-most
284 3294 310 3336 ol

135 3355 172 3394 tlte
188 3350 327 3406 hypocrites.

579 474 669 525 orus
687 472 940 524 rvnuarnrcuu
960 472 1023 522 ira.
1043 471 1084 521 tu.
1158 450 1239 535 [cnr.
1255 465 1325 511 rxn.

340 641 383 686 est
405 631 467 706 ipse
483 634 704 703 universorum,-
727 634 765 689 ito
790 643 816 688 et
832 634 971 690 sacerdos
983 650 1107 708 peccans
1122 649 1212 707 super
1228 648 1328 687 omues

337 717 469 793 partitur,
502 739 557 777 nou
581 721 675 778 solum
697 731 823 798 propter
850 739 933 777 suum
954 731 1106 794 peccatum
1130 719 1183 774 sed
1201 729 1328 794 propter

341 804 479 874 omnium,
503 808 568 883 quio
593 808 653 884 ipse
669 826 757 864 causa
780 808 817 864 sit
834 808 964 863 omuibus
984 808 1024 862 od
1042 807 1233 882 peccandum.
1258 806 1327 861 Ideo

341 901 436 947 autem
473 914 527 951 uon
555 896 649 951 solum
668 895 831 975 ypocritas
862 895 948 961 dixit,
980 895 1032 950 sed
1063 894 1153 949 eciam
1187 891 1327 969 infideles

340 979 405 1052 quio
429 980 455 1035 si
477 1000 575 1038 omues
598 982 712 1057 quidem
736 983 877 1062 ypocrite
899 982 1029 1058 infideles
1051 992 1127 1051 sura,
1152 999 1207 1036 nou
1231 979 1352 1036 lumeni

341 1084 441 1124 omues
463 1069 594 1146 infideles
609 1081 676 1125 suut
693 1070 844 1146 ypocrite.
869 1069 946 1124 Eece
968 1069 1042 1123 euim
1065 1068 1190 1144 gentiles
1213 1067 1326 1142 quidem

341 1152 471 1229 infideles
494 1169 569 1227 suist,
587 1157 730 1236 ypocrite
752 1168 919 1211 autemnon
943 1166 1018 1225 suut,
1043 1156 1109 1230 quia
1134 1174 1189 1211 iton
1205 1154 1327 1231 fingunt

340 1259 371 1296 se
393 1243 489 1298 colere
516 1244 677 1311 Christum,
707 1262 770 1299 cum
796 1261 850 1298 uon
879 1243 974 1298 colant
997 1243 1049 1297 sed
1072 1243 1259 1316 tirouijestum
1284 1259 1328 1296 se·

341 1340 468 1401 quaritur·
490 1349 633 1387 errorem.
673 1330 806 1405 l'pocrite
828 1340 922 1385 aretem
952 1341 1017 1385 suut
1040 1329 1127 1385 Judei
1149 1340 1176 1385 et
1199 1328 1327 1395 heretici,

341 1414 385 1469 illi
407 1430 501 1474 autem
525 1418 575 1493 qui
596 1436 626 1473 se
650 1418 748 1474 dicunt
770 1418 888 1483 Jtttieos,
917 1435 980 1473 cum
1005 1435 1061 1472 nou
1088 1426 1164 1486 suut,
1187 1416 1240 1471 sed
1261 1426 1328 1471 sunt
1343 1435 1373 1466 ιο

340 1520 501 1582 synagoga
525 1517 643 1574 satoue;
674 1505 719 1560 illi
740 1515 835 1560 auteur
864 1504 914 1579 qui
927 1505 1049 1581 fingunt
1073 1522 1104 1560 se
1127 1521 1188 1559 esse
1211 1502 1326 1559 christi-

340 1609 421 1659 auos,
445 1610 509 1648 ctuu
525 1592 581 1648 sint
597 1592 778 1661 Antichristi,
802 1603 904 1647 contra
925 1591 1090 1646 Christum:
1115 1591 1193 1653 lteris,
1218 1590 1244 1646 si
1264 1590 1328 1665 quis

343 1678 458 1734 uidetur
481 1698 543 1735 esse
566 1679 593 1734 iu
617 1679 737 1734 ecclesia
761 1690 788 1734 et
810 1689 882 1755 agat
910 1689 1012 1734 cutttra
1037 1678 1197 1749 ecclesiam,
1230 1689 1256 1732 et
1280 1677 1328 1731 ille

341 1766 408 1820 talis
426 1766 569 1844 ypocrita
594 1766 701 1821 dicitur
725 1783 793 1821 esse.
819 1767 881 1821 Hec
905 1764 1119 1822 crisostomus.

385 1851 536 1909 Faciendo
555 1852 645 1908 linem
671 1853 708 1908 de
732 1865 863 1908 tractatu
889 1865 917 1908 et
941 1852 1135 1909 sermonibus
1150 1849 1328 1907 Antichristi
1343 1856 1370 1904 15

342 1940 574 2012 supponendum
601 1951 645 1994 est
668 1937 767 2013 primo
800 1942 882 2013 quod
907 1959 997 1996 omne
1030 1939 1145 1996 crimen
1175 1938 1213 1994 sit
1245 1955 1327 1993 men·

343 2025 474 2096 dacium,
508 2025 579 2100 quia
604 2025 692 2083 aliter
717 2046 777 2083 non
802 2027 878 2083 foret
902 2027 1066 2102 displicens
1088 2025 1218 2083 veritati.
1258 2027 1328 2081 ldeo

343 2112 398 2168 ista
424 2115 569 2170 mendosa
594 2114 756 2189 duplicitas
773 2114 845 2170 dicit
870 2115 1018 2172 defectum
1037 2114 1068 2170 in
1086 2116 1142 2170 hoc
1159 2133 1219 2187 quo
1236 2114 1328 2168 homo

343 2199 453 2256 servire
478 2202 586 2258 debeat
609 2203 738 2260 veritati.
778 2204 837 2258 lsto
862 2221 933 2276 ergo
957 2201 1115 2276 supposito
1143 2200 1260 2257 videtur
1285 2199 1328 2255 in-

343 2287 500 2345 ferendum
525 2291 607 2365 quod
632 2290 709 2347 inter
737 2289 840 2346 omnia
866 2304 989 2363 peccata
1015 2287 1163 2362 ypocrisis
1180 2287 1217 2343 sit
1234 2306 1326 2343 unum
1341 2308 1373 2340 20

345 2376 381 2431 de
407 2376 554 2433 maximis.
579 2380 655 2434 Nam
681 2396 747 2433 cum
774 2376 803 2432 in
828 2395 877 2432 sex
901 2374 1088 2432 excellenciis
1114 2375 1256 2430 fundatur
1280 2393 1327 2429 su-

343 2463 458 2536 perbia,
484 2478 512 2520 et
536 2465 678 2538 superbia
701 2483 759 2538 quc
784 2476 827 2519 est
852 2462 998 2536 ypocrisis
1023 2463 1166 2518 fundatur
1189 2461 1220 2516 in
1243 2480 1328 2518 sanc-

345 2549 430 2606 titate
454 2570 512 2624 que
536 2564 580 2607 est
603 2570 663 2607 una
687 2553 723 2606 de
749 2549 896 2617 inanimis,
936 2550 1058 2623 planum
1092 2548 1211 2605 ridetur
1247 2551 1327 2622 quod

344 2637 490 2711 ypocrisis
523 2637 560 2692 sit
595 2637 786 2694 mendacium
813 2637 976 2693 maximum
1007 2650 1035 2692 et
1059 2655 1112 2710 per
1141 2654 1329 2709 consequens

343 2725 381 2780 sit
405 2737 574 2797 peccatum.
614 2726 683 2781 Ideo
708 2724 824 2779 ridetur
849 2726 930 2798 quod
956 2723 1093 2779 homines
1118 2737 1277 2797 peccantes
1301 2728 1372 2778 etei

345 2811 471 2867 maxime
509 2825 646 2886 tempore
679 2811 750 2884 legis
783 2811 883 2884 gracie
916 2814 1062 2867 excedunt
1101 2812 1329 2885 quodammodo

344 2913 502 2972 peccatum
521 2898 665 2969 Lucileri3
689 2898 757 2954 ideo
774 2898 928 2972 signanter
954 2912 1038 2955 notat
1055 2898 1242 2972 evangelium
1261 2916 1328 2953 cum

345 2985 535 3060 esposicione
564 2984 741 3042 Crisostomi
781 2988 861 3059 quod
894 2985 1028 3059 ypocrite
1061 2999 1148 3041 erunt
1173 2983 1330 3059 dampnati

345 3072 523 3147 profundius
551 3072 581 3128 in
614 3073 740 3143 infern0,
781 3086 809 3128 et
841 3073 883 3128 sic
917 3092 986 3145 pars
1019 3090 1095 3146 pene
1123 3072 1328 3146 ypocritarum

346 3160 401 3216 erit
427 3160 557 3217 maxima
581 3174 609 3216 et
633 3159 711 3216 iuter
735 3178 828 3233 penas
852 3159 926 3216 alias
949 3160 1014 3233 plus
1040 3159 1168 3216 intensa.
1342 3165 1374 3213 30

389 3250 468 3304 Inter
491 3266 636 3321 personas
660 3261 760 3303 autem
787 3246 938 3321 ypocritas
954 3246 1072 3302 videtur
1096 3247 1249 3303 diabolum
1275 3265 1329 3319 pa·

345 3354 415 3409 pam
439 3353 552 3409 ponere
576 3334 606 3390 in
637 3333 778 3408 primatu,
814 3333 886 3408 quia
909 3334 974 3407 ipse
998 3333 1027 3389 in
1052 3334 1211 3391 sanctitate
1235 3332 1329 3389 falsis-

345 3421 419 3478 sime
444 3421 595 3478 extollitur
620 3439 710 3495 super
726 3421 896 3481 Christum:
922 3422 1002 3495 quod
1028 3440 1100 3494 rogo
1126 3420 1221 3477 maius
1247 3438 1327 3476 men-

345 3509 465 3567 dacium
490 3529 581 3584 quam
599 3509 699 3565 dicere
723 3510 804 3583 quod
829 3508 893 3582 ipse
917 3521 1010 3564 totam
1031 3508 1211 3565 militantem
1236 3508 1328 3564 eccle-

345 3596 431 3675 siam,
471 3597 592 3654 eciamsi
627 3596 691 3670 ipsa
730 3595 847 3652 infinita
880 3595 977 3655 fuerit.
1011 3595 1075 3670 ipse
1107 3597 1187 3652 solus
1219 3594 1371 3651 sullici135

345 3684 515 3757 evangelice
541 3683 695 3757 regulare?
724 3696 752 3740 et
782 3698 883 3739 tamen
908 3683 1017 3739 veritas
1042 3697 1084 3739 est
1108 3685 1189 3757 quod
1215 3681 1329 3738 insulli-

345 3771 548 3827 cientissimus
572 3771 689 3826 videtur
705 3773 742 3826 ad
768 3789 799 3825 se
816 3771 914 3843 ipsum
932 3771 1029 3826 solum
1048 3769 1219 3843 evangelice
1244 3789 1328 3842 regu-

345 3860 480 3929 landum,
514 3877 581 3914 cum
615 3857 763 3932 quidquid
798 3857 900 3914 fecerit
939 3871 1026 3912 sonat
1064 3857 1092 3912 in
1117 3856 1327 3912 extollenciam

345 3944 501 4018 ypocrisis,
527 3957 558 4001 ut
583 3958 665 4018 patet
683 3947 719 4001 de
743 3945 804 4000 suis
821 3943 1004 4015 nominibus,
1029 3947 1066 4000 de
1083 3944 1143 4000 suis
1161 3945 1328 4001 concessio-

345 4031 433 4088 nibus
457 4045 547 4106 atque
571 4032 724 4105 operibus.
1339 4042 1372 4088 4⁰

398 4325 413 4355 r.
428 4314 449 4355 A
460 4313 483 4355 in
495 4323 580 4365 marg:
596 4311 708 4354 sacerdos
722 4311 802 4357 bonus.
816 4311 897 4353 malas.
959 4323 984 4354 u.
997 4312 1029 4354 A:
1041 4314 1064 4354 et
1073 4310 1115 4354 isti
1126 4313 1210 4354 autem,
1266 4308 1294 4353 15.
1306 4313 1328 4353 A

345 4366 367 4407 in
380 4377 466 4419 marg:
482 4363 608 4407 lohannes.
672 4364 704 4408 16.
718 4366 741 4407 A
752 4364 774 4408 in
791 4375 876 4417 marg:
893 4374 918 4407 1..·
931 4364 962 4406 ib.
978 4365 1012 4406 A:
1027 4364 1114 4407 crimen
1124 4365 1199 4406 twice.
1264 4374 1294 4415 ¹9-
1307 4365 1328 4405 A

345 4418 367 4459 in
384 4429 460 4470 marg:
477 4426 497 4457 ².
566 4415 595 4459 31.
610 4418 631 4459 A
646 4416 669 4460 in
684 4427 771 4471 marg:
784 4416 809 4457 3.
