3098 5130
77 498 139 556 ²40
529 494 617 543 oeus
637 495 889 544 avxuoatucuu
913 496 974 544 trs.
994 495 1034 545 ui.
1092 478 1174 561 [exi.
1191 489 1273 535 xxiv.

109 683 174 727 The
189 684 247 727 nave
292 675 346 731 que
369 656 452 711 iuxta
467 655 561 731 fidem
586 656 722 730 operibus
744 656 940 711 adornantur.
966 656 1031 711 Non
1055 657 1160 713 liabent
1182 658 1280 713 oleum

87 697 269 833 ffirgiffshffi
293 762 346 818 que
370 743 505 799 videntur
526 742 661 798 similiter
678 743 773 798 Deum
797 743 939 820 confiteri,
963 745 1015 799 sed
1037 744 1172 801 virtutem
1189 763 1281 822 opera

124 855 148 885 ns
164 842 228 886 latin.
294 831 456 909 negligunt.
483 831 643 886 Possumus
659 831 782 906 quinque
807 831 937 908 virgines
959 832 1102 906 sapientes
1125 843 1152 888 et
1174 833 1282 889 stultas

293 919 414 993 quinque
451 935 552 973 sensus
589 918 796 992 interpretari:
833 936 955 992 quorum
988 919 1041 974 alii
1064 920 1212 994 festinant
1240 921 1282 975 ad

293 1006 408 1063 celestia
432 1016 459 1060 et
481 1022 607 1079 superna
632 1005 808 1076 desiderant,
837 1006 889 1060 alii
914 1006 1039 1062 terrenis
1061 1007 1179 1081 fecibus
1207 1007 1306 1065 iulii-5

293 1104 384 1159 antes,
399 1093 536 1166 fomenta
561 1111 616 1147 non
634 1093 739 1148 liabent
762 1093 893 1149 veritatis
907 1093 1009 1168 quibus
1032 1113 1084 1149 sua
1101 1095 1192 1150 corda
1216 1095 1280 1150 illu·

294 1181 408 1236 minent.
443 1180 489 1235 De
521 1178 583 1234 nisu
607 1191 633 1234 et
657 1180 758 1235 auditu
786 1192 813 1236 et
846 1192 923 1236 tactu
947 1180 1142 1256 spiritualiter
1170 1181 1279 1238 dietum

293 1277 349 1323 est:
386 1267 474 1335 Quod
497 1266 621 1322 vidimus
644 1268 722 1343 quod
749 1267 923 1339 audivimus,
957 1269 1034 1342 quod
1057 1269 1148 1325 oeulis
1172 1268 1281 1325 nostris

290 1354 498 1430 perspeximus
520 1364 547 1410 et
571 1372 674 1410 marrus
696 1366 795 1410 nostre
813 1355 984 1431 palpavere.
1010 1355 1056 1411 De
1070 1368 1176 1433 gustu:
1203 1357 1279 1412 Gus-

292 1452 352 1497 tate
374 1452 402 1496 et
425 1442 518 1496 uidete
539 1441 674 1517 quoniam
699 1442 797 1497 suavis
820 1453 863 1498 est
890 1443 1042 1503 Dominus.
1067 1443 1114 1499 De
1138 1444 1325 1500 odoratn:1o

293 1530 325 1584 ln
359 1530 478 1584 odorem
512 1539 727 1605 unguentorum
760 1541 878 1584 tuorum
917 1530 1072 1597 currimns,
1111 1541 1137 1586 et
1169 1530 1282 1586 Christi

294 1617 384 1671 bonus
408 1617 483 1670 odor
505 1634 605 1671 snmus
629 1616 701 1671 Deo.
728 1617 789 1673 Hec
813 1618 1003 1690 Jeronymus.

77 1696 283 1794 llfflxcffiflfflgssn
336 1702 463 1759 Videtur
496 1702 584 1758 istum
619 1717 756 1758 sanctum
794 1703 964 1776 exemplare
997 1704 1134 1760 fidelibus
1168 1704 1280 1759 multos

81 1814 133 1860 may
149 1783 278 1862 beettciied
295 1807 399 1846 sensus
423 1789 592 1846 catholicos
616 1789 761 1846 elicibiles
791 1809 823 1846 ex
848 1789 998 1864 scriptura
1023 1809 1091 1847 eum
1117 1793 1174 1847 hoc
1198 1793 1280 1865 quod

83 1858 142 1896 '¹⁰¹¹‘
158 1861 278 1910 scripture.
295 1876 420 1952 quilibet
454 1895 558 1932 eorum
592 1896 652 1933 non
686 1876 723 1933 sit
747 1877 918 1934 contrarius
943 1877 1011 1934 fidei
1037 1881 1196 1937 othodoxe,
1230 1877 1323 1935 Sicti

296 1963 374 2020 enim
399 1963 516 2020 videtur
533 1963 737 2020 Crisostomus
762 1964 862 2021 dicere
886 1966 967 2039 quod
992 1964 1071 2021 dicte
1094 1967 1196 2022 decem
1222 1965 1279 2021 rir-

296 2050 379 2125 gines
411 2064 479 2106 sunt
512 2052 616 2108 decem
657 2070 762 2108 sensus
788 2052 919 2108 hominis
943 2053 988 2109 vel
1013 2052 1149 2127 quinque
1173 2052 1278 2109 intrin-

296 2137 355 2194 seci
382 2152 409 2194 et
434 2137 570 2213 quinque
595 2138 754 2196 extrinseci
778 2141 823 2196 vel
848 2140 982 2214 quinque
1006 2154 1058 2197 aut
1079 2142 1183 2196 decem
1208 2139 1280 2195 isto-

297 2245 362 2282 rum
388 2224 561 2282 intencione
596 2226 697 2282 debita
721 2227 767 2283 vel
792 2226 926 2283 indebita
952 2227 1110 2301 geminati,
1149 2241 1177 2282 et
1210 2246 1278 2283 cum

295 2314 396 2369 nullus
431 2312 557 2368 istorum
592 2331 733 2369 sensuum
764 2313 801 2369 sit
834 2314 903 2370 fidei
939 2313 1119 2383 contrarius,
1153 2313 1279 2388 quilibet
1292 2336 1323 2369 20

296 2418 400 2456 eorum
427 2399 575 2456 catholice
599 2414 697 2474 potest
722 2401 800 2474 capi,
826 2415 853 2457 et
878 2401 1075 2458 conformiter
1099 2416 1197 2475 potest
1220 2401 1279 2458 dici

296 2489 332 2543 de
355 2488 422 2544 oleo
448 2489 531 2562 quod
556 2487 593 2543 sit
617 2487 728 2544 caritas
758 2488 787 2544 in
812 2508 953 2562 suprema
978 2503 1063 2563 parte
1087 2487 1187 2545 anime
1211 2506 1278 2558 sue3

295 2593 353 2650 que
378 2574 488 2632 caritas
521 2576 685 2631 secundum
712 2577 890 2650 Apostolum
923 2595 984 2632 non
1008 2590 1108 2650 potest
1133 2576 1279 2650 excidere,

295 2661 367 2736 quia
391 2663 467 2719 sicut
492 2663 591 2719 oleum
618 2681 686 2720 raro
703 2664 748 2718 vel
772 2664 854 2719 nullo
872 2677 1010 2737 tempore
1027 2665 1212 2736 congelatur,
1237 2663 1279 2719 sic

295 2749 406 2807 caritas
430 2769 488 2825 que
512 2749 650 2807 vendicat
674 2769 849 2824 supremum
875 2752 974 2807 locum
994 2750 1094 2807 anime
1119 2764 1162 2806 est
1185 2749 1323 2806 virtus25

296 2855 355 2912 que
379 2856 440 2894 non
464 2851 563 2912 potest
589 2837 791 2912 refrigescere,
817 2857 883 2894 cum
911 2838 1020 2895 caritas
1045 2837 1279 2911 predestinacio-

296 2924 342 2981 nis
367 2925 403 2981 sit
436 2924 560 2981 alterius
594 2925 724 2981 racionis
748 2944 839 2999 quam
865 2925 974 2982 caritas
1008 2926 1087 2980 nude
1111 2927 1277 2981 secundum

295 3026 465 3085 presentem
492 3010 654 3067 iusticiam.
686 3013 756 3068 ldeo
780 3027 886 3068 notant
911 3013 1099 3086 postillantes
1123 3015 1279 3086 quomodo

295 3100 393 3154 oleum
420 3102 456 3155 ad
487 3117 590 3155 sensus
621 3099 731 3156 multos
754 3100 883 3156 sumitur
908 3099 1024 3156 mistice
1058 3099 1087 3155 in
1119 3099 1279 3173 scriptura.

295 3186 430 3241 Primum
456 3200 499 3242 est
523 3187 622 3243 oleum
648 3186 833 3257 illuminanS,
858 3187 971 3244 scilicet
995 3186 1140 3243 serenitas
1165 3185 1324 3242 causei-:⁴0

296 3272 397 3343 encie3
424 3288 451 3329 et
476 3275 512 3329 de
537 3275 594 3329 hoc
619 3274 686 3330 oleo
711 3274 836 3330 Matthei
861 3276 939 3330 XXV
963 3275 1126 3348 prudentes
1150 3273 1280 3346 virgines

295 3375 489 3435 sumpserunt
522 3361 622 3418 oleum
657 3379 768 3416 secum.
804 3363 944 3417 Secundo
969 3360 1099 3417 sumitur
1131 3379 1186 3434 pro
1211 3360 1279 3416 oleo

297 3447 454 3522 mitigante
478 3450 561 3523 quod
586 3461 629 3503 est
655 3447 876 3504 exhortacionis
900 3447 1032 3504 suavitas
1057 3449 1136 3504 Luce
1160 3446 1196 3518 X,
1221 3465 1278 3522 34:

295 3536 500 3593 Samaritanus
525 3536 633 3610 infudit
651 3537 746 3590 uiritim
771 3536 798 3590 in
823 3536 927 3591 oleum.
952 3535 1061 3591 Tercio
1079 3534 1207 3590 sumitur
1225 3553 1279 3608 pro

295 3623 361 3680 oleo
384 3623 559 3693 letificante,
584 3622 698 3679 scilicet
731 3621 832 3696 gracia
858 3624 903 3678 rs.
929 3624 1028 3693 XLIV,
1063 3623 1097 3680 8:
1140 3621 1230 3677 quit
1253 3628 1322 3678 teli

295 3711 375 3767 Deus
398 3724 464 3767 tuus
487 3711 550 3767 oleo
575 3710 675 3767 leticie.
701 3712 818 3780 Quarto
835 3709 964 3766 sumitur
988 3727 1043 3782 pro
1059 3709 1126 3765 oleo
1151 3707 1280 3765 suaviter

295 3799 448 3855 redolente
473 3797 586 3855 scilicet
606 3801 685 3854 bona
710 3797 789 3853 fama
814 3799 901 3853 Cant.
927 3799 947 3867 l,
974 3811 1001 3851 2.
1031 3795 1133 3852 Oleum
1158 3797 1278 3871 effusum

347 4142 376 4186 13.
392 4144 412 4185 Α
428 4144 449 4185 iu
467 4155 553 4200 marga
568 4138 693 4183 lolronnes.
771 4153 801 4189 rt.
818 4142 849 4183 A:
866 4141 1001 4201 catholicos.
1061 4152 1094 4199 η.
1110 4142 1142 4200 Α]
1160 4140 1236 4189 unde,·
1251 4137 1278 4180 B:

295 4196 412 4290 ξῗῐὲῗέιῦξῆ
423 4195 453 4237 ib.
471 4197 489 4237 Α
506 4207 528 4236 m
545 4206 630 4246 marg:
648 4194 728 4236 Oleum
745 4195 787 4234 ⁶¹⁶¹
802 4192 864 4235 1—6.
920 4192 951 4234 il.
969 4195 1000 4235 A:
1017 4196 1148 4234 suouetattr.
1203 4189 1237 4242 34.
1250 4191 1277 4233 B:

346 4373 370 4421 8.
390 4373 407 4422 l.
426 4372 484 4421 ioli⁴
505 4374 522 4432 l,
555 4387 575 4422 r.
647 4390 671 4437 r).
696 4373 791 4420 l’salm.
816 4372 926 4433 xxxin,
955 4391 979 4437 [ι.
1055 4386 1092 4418 11.
1117 4372 1191 4418 Cant.
1211 4370 1228 4429 l,
1258 4372 1279 4418 3.

295 4444 323 4491 ll.
343 4444 404 4492 Cor.
424 4443 453 4498 ll.
476 4446 514 4490 rr.
