<?xml version="1.0" encoding="UTF-8"?>
<!DOCTYPE html PUBLIC "-//W3C//DTD XHTML 1.0 Transitional//EN"
    "http://www.w3.org/TR/xhtml1/DTD/xhtml1-transitional.dtd">
<html xmlns="http://www.w3.org/1999/xhtml" xml:lang="en" lang="en">
 <head>
  <title>
</title>
<meta http-equiv="Content-Type" content="text/html;charset=utf-8" />
  <meta name='ocr-system' content='tesseract 3.04.00' />
  <meta name='ocr-capabilities' content='ocr_page ocr_carea ocr_par ocr_line ocrx_word'/>
</head>
<body>
  <div class='ocr_page' id='page_1' title='image "./iohanniswyclifo01wyclgoog_0301.png"; bbox 0 0 3030 5130; ppageno 0'>
   <div class='ocr_carea' id='block_1_1' title="bbox 570 484 1327 569">
    <p class='ocr_par' dir='ltr' id='par_1_1' title="bbox 570 484 1327 569">
     <span class='ocr_line' id='line_1_1' title="bbox 570 484 1327 569; baseline -0.009 -17"><span class='ocrx_word' id='word_1_1' title='bbox 570 504 660 553; x_wconf 80' lang='lat' dir='ltr'>oeus</span> <span class='ocrx_word' id='word_1_2' title='bbox 678 502 930 552; x_wconf 61' lang='lat' dir='ltr'>Ettanusstreuu</span> <span class='ocrx_word' id='word_1_3' title='bbox 951 502 1014 551; x_wconf 75' lang='lat' dir='ltr'>tra.</span> <span class='ocrx_word' id='word_1_4' title='bbox 1034 501 1075 551; x_wconf 89' lang='lat'>111.</span> <span class='ocrx_word' id='word_1_5' title='bbox 1155 484 1240 569; x_wconf 72' lang='lat' dir='ltr'>[ear.</span> <span class='ocrx_word' id='word_1_6' title='bbox 1258 494 1327 541; x_wconf 73' lang='lat' dir='ltr'>Lxx.</span> 
     </span>
    </p>
   </div>
   <div class='ocr_carea' id='block_1_2' title="bbox 124 662 1367 3968">
    <p class='ocr_par' dir='ltr' id='par_1_2' title="bbox 341 662 1331 912">
     <span class='ocr_line' id='line_1_2' title="bbox 346 662 1331 739; baseline 0.002 -22"><span class='ocrx_word' id='word_1_7' title='bbox 346 664 425 732; x_wconf 82' lang='lat' dir='ltr'><em>Quid</em></span> <span class='ocrx_word' id='word_1_8' title='bbox 455 673 550 719; x_wconf 85' lang='lat' dir='ltr'>autem</span> <span class='ocrx_word' id='word_1_9' title='bbox 580 673 679 739; x_wconf 87' lang='lat' dir='ltr'>potest</span> <span class='ocrx_word' id='word_1_10' title='bbox 710 662 804 719; x_wconf 86' lang='lat' dir='ltr'>mains</span> <span class='ocrx_word' id='word_1_11' title='bbox 837 662 905 718; x_wconf 82' lang='lat' dir='ltr'>dari</span> <span class='ocrx_word' id='word_1_12' title='bbox 921 663 1013 739; x_wconf 85' lang='lat' dir='ltr'>fideli</span> <span class='ocrx_word' id='word_1_13' title='bbox 1034 680 1120 719; x_wconf 83' lang='lat' dir='ltr'>servo</span> <span class='ocrx_word' id='word_1_14' title='bbox 1152 681 1239 737; x_wconf 87' lang='lat' dir='ltr'>quam</span> <span class='ocrx_word' id='word_1_15' title='bbox 1269 680 1331 719; x_wconf 86' lang='lat' dir='ltr'>esse</span> 
     </span>
     <span class='ocr_line' id='line_1_3' title="bbox 341 749 1330 828; baseline 0 -22"><span class='ocrx_word' id='word_1_16' title='bbox 341 770 406 807; x_wconf 88' lang='lat' dir='ltr'>cum</span> <span class='ocrx_word' id='word_1_17' title='bbox 432 750 557 806; x_wconf 88' lang='lat' dir='ltr'>Domino</span> <span class='ocrx_word' id='word_1_18' title='bbox 582 762 607 807; x_wconf 89' lang='lat' dir='ltr'>et</span> <span class='ocrx_word' id='word_1_19' title='bbox 632 750 733 806; x_wconf 81' lang='lat' dir='ltr'>uidere</span> <span class='ocrx_word' id='word_1_20' title='bbox 758 751 902 828; x_wconf 76' lang='lat' dir='ltr'>gaudium</span> <span class='ocrx_word' id='word_1_21' title='bbox 926 750 1050 806; x_wconf 77' lang='lat' dir='ltr'><em>Domini</em></span> <span class='ocrx_word' id='word_1_22' title='bbox 1070 749 1124 806; x_wconf 90' lang='lat' dir='ltr'>sui.</span> <span class='ocrx_word' id='word_1_23' title='bbox 1158 752 1224 807; x_wconf 87' lang='lat' dir='ltr'>Hee</span> <span class='ocrx_word' id='word_1_24' title='bbox 1246 751 1330 806; x_wconf 90' lang='lat' dir='ltr'>Jero·</span> 
     </span>
     <span class='ocr_line' id='line_1_4' title="bbox 341 856 458 912; baseline 0.009 -18"><span class='ocrx_word' id='word_1_25' title='bbox 341 856 458 912; x_wconf 81' lang='lat' dir='ltr'>nymus.</span> 
     </span>
    </p>

    <p class='ocr_par' dir='ltr' id='par_1_3' title="bbox 132 920 1329 1018">
     <span class='ocr_line' id='line_1_5' title="bbox 132 920 1329 1018; baseline 0.001 -38"><span class='ocrx_word' id='word_1_26' title='bbox 132 920 322 1018; x_wconf 49' lang='lat' dir='ltr'>eTaffiffilgffig</span> <span class='ocrx_word' id='word_1_27' title='bbox 386 926 478 981; x_wconf 86' lang='lat' dir='ltr'>Plana</span> <span class='ocrx_word' id='word_1_28' title='bbox 502 924 621 980; x_wconf 81' lang='lat' dir='ltr'>ridetur</span> <span class='ocrx_word' id='word_1_29' title='bbox 645 944 709 982; x_wconf 88' lang='lat' dir='ltr'>esse</span> <span class='ocrx_word' id='word_1_30' title='bbox 733 923 887 981; x_wconf 84' lang='lat' dir='ltr'><strong>sentencia</strong></span> <span class='ocrx_word' id='word_1_31' title='bbox 918 924 1006 981; x_wconf 88' lang='lat' dir='ltr'>huius</span> <span class='ocrx_word' id='word_1_32' title='bbox 1030 923 1128 982; x_wconf 89' lang='lat' dir='ltr'>sancti</span> <span class='ocrx_word' id='word_1_33' title='bbox 1151 925 1236 998; x_wconf 91' lang='lat' dir='ltr'>quod</span> <span class='ocrx_word' id='word_1_34' title='bbox 1260 922 1329 981; x_wconf 91' lang='lat' dir='ltr'>licet</span> 
     </span>
    </p>

    <p class='ocr_par' dir='ltr' id='par_1_4' title="bbox 129 1011 1351 1088">
     <span class='ocr_line' id='line_1_6' title="bbox 129 1011 1351 1088; baseline -0.004 -19"><span class='ocrx_word' id='word_1_35' title='bbox 129 1026 286 1088; x_wconf 24' lang='lat' dir='ltr'>same‘things</span> <span class='ocrx_word' id='word_1_36' title='bbox 301 1038 326 1068; x_wconf 83' lang='lat' dir='ltr'>as</span> <span class='ocrx_word' id='word_1_37' title='bbox 342 1014 514 1069; x_wconf 85' lang='lat' dir='ltr'>sacerdotes</span> <span class='ocrx_word' id='word_1_38' title='bbox 531 1013 728 1086; x_wconf 84' lang='lat' dir='ltr'>predestinati</span> <span class='ocrx_word' id='word_1_39' title='bbox 747 1013 877 1069; x_wconf 88' lang='lat' dir='ltr'>habeant</span> <span class='ocrx_word' id='word_1_40' title='bbox 894 1012 924 1068; x_wconf 90' lang='lat' dir='ltr'>in</span> <span class='ocrx_word' id='word_1_41' title='bbox 941 1011 988 1069; x_wconf 84' lang='lat' dir='ltr'>via</span> <span class='ocrx_word' id='word_1_42' title='bbox 1005 1012 1109 1069; x_wconf 88' lang='lat' dir='ltr'>omnia</span> <span class='ocrx_word' id='word_1_43' title='bbox 1133 1030 1192 1086; x_wconf 91' lang='lat' dir='ltr'>que</span> <span class='ocrx_word' id='word_1_44' title='bbox 1216 1011 1351 1068; x_wconf 77' lang='lat' dir='ltr'>habenti</span> 
     </span>
    </p>

    <p class='ocr_par' dir='ltr' id='par_1_5' title="bbox 124 1079 1328 1174">
     <span class='ocr_line' id='line_1_7' title="bbox 124 1079 1328 1174; baseline -0.002 -18"><span class='ocrx_word' id='word_1_45' title='bbox 124 1079 420 1174; x_wconf 52' lang='lat' dir='ltr'>¹¹¹⁰⁵ggll¹5³g²lbeati</span> <span class='ocrx_word' id='word_1_46' title='bbox 446 1100 476 1155; x_wconf 92' lang='lat' dir='ltr'>in</span> <span class='ocrx_word' id='word_1_47' title='bbox 500 1098 609 1174; x_wconf 87' lang='lat' dir='ltr'>patria,</span> <span class='ocrx_word' id='word_1_48' title='bbox 649 1115 750 1157; x_wconf 88' lang='lat' dir='ltr'>tamen</span> <span class='ocrx_word' id='word_1_49' title='bbox 776 1112 902 1174; x_wconf 88' lang='lat' dir='ltr'>propter</span> <span class='ocrx_word' id='word_1_50' title='bbox 925 1100 1018 1155; x_wconf 88' lang='lat' dir='ltr'>aliurn</span> <span class='ocrx_word' id='word_1_51' title='bbox 1046 1102 1172 1155; x_wconf 89' lang='lat' dir='ltr'>modum</span> <span class='ocrx_word' id='word_1_52' title='bbox 1198 1097 1328 1155; x_wconf 89' lang='lat' dir='ltr'>habendi</span> 
     </span>
    </p>

    <p class='ocr_par' dir='ltr' id='par_1_6' title="bbox 137 1185 1365 1874">
     <span class='ocr_line' id='line_1_8' title="bbox 137 1185 1328 1262; baseline 0.003 -24"><span class='ocrx_word' id='word_1_53' title='bbox 137 1185 243 1227; x_wconf 66' lang='lat' dir='ltr'>autenm</span> <span class='ocrx_word' id='word_1_54' title='bbox 258 1195 316 1238; x_wconf 72' lang='lat' dir='ltr'>way.</span> <span class='ocrx_word' id='word_1_55' title='bbox 342 1187 453 1243; x_wconf 91' lang='lat' dir='ltr'>dicitur</span> <span class='ocrx_word' id='word_1_56' title='bbox 478 1186 597 1242; x_wconf 90' lang='lat' dir='ltr'>habicio</span> <span class='ocrx_word' id='word_1_57' title='bbox 621 1187 784 1261; x_wconf 80' lang='lat' dir='ltr'>duplicata,</span> <span class='ocrx_word' id='word_1_58' title='bbox 811 1200 839 1243; x_wconf 89' lang='lat' dir='ltr'>et</span> <span class='ocrx_word' id='word_1_59' title='bbox 864 1188 921 1243; x_wconf 90' lang='lat' dir='ltr'>hoc</span> <span class='ocrx_word' id='word_1_60' title='bbox 946 1188 1088 1262; x_wconf 89' lang='lat' dir='ltr'>estquod</span> <span class='ocrx_word' id='word_1_61' title='bbox 1112 1185 1218 1242; x_wconf 85' lang='lat' dir='ltr'>dicunt</span> <span class='ocrx_word' id='word_1_62' title='bbox 1243 1204 1328 1241; x_wconf 91' lang='lat' dir='ltr'>mun·</span> 
     </span>
     <span class='ocr_line' id='line_1_9' title="bbox 342 1271 1327 1348; baseline -0.001 -19"><span class='ocrx_word' id='word_1_63' title='bbox 342 1274 412 1330; x_wconf 88' lang='lat' dir='ltr'>dani</span> <span class='ocrx_word' id='word_1_64' title='bbox 435 1273 550 1346; x_wconf 78' lang='lat' dir='ltr'>legista,</span> <span class='ocrx_word' id='word_1_65' title='bbox 576 1273 709 1331; x_wconf 87' lang='lat' dir='ltr'>dicentes</span> <span class='ocrx_word' id='word_1_66' title='bbox 726 1276 808 1348; x_wconf 91' lang='lat' dir='ltr'>quod</span> <span class='ocrx_word' id='word_1_67' title='bbox 825 1274 906 1330; x_wconf 87' lang='lat' dir='ltr'>aliud</span> <span class='ocrx_word' id='word_1_68' title='bbox 925 1288 969 1330; x_wconf 90' lang='lat' dir='ltr'>est</span> <span class='ocrx_word' id='word_1_69' title='bbox 994 1274 1106 1330; x_wconf 88' lang='lat' dir='ltr'>habere</span> <span class='ocrx_word' id='word_1_70' title='bbox 1129 1271 1176 1328; x_wconf 91' lang='lat' dir='ltr'>ius</span> <span class='ocrx_word' id='word_1_71' title='bbox 1202 1274 1241 1329; x_wconf 93' lang='lat' dir='ltr'>ad</span> <span class='ocrx_word' id='word_1_72' title='bbox 1266 1291 1327 1330; x_wconf 87' lang='lat' dir='ltr'>rem</span> 
     </span>
     <span class='ocr_line' id='line_1_10' title="bbox 341 1360 1328 1431; baseline -0.002 -14"><span class='ocrx_word' id='word_1_73' title='bbox 341 1375 370 1417; x_wconf 94' lang='lat' dir='ltr'>et</span> <span class='ocrx_word' id='word_1_74' title='bbox 394 1360 476 1417; x_wconf 84' lang='lat' dir='ltr'>aliud</span> <span class='ocrx_word' id='word_1_75' title='bbox 501 1360 546 1417; x_wconf 91' lang='lat' dir='ltr'>ius</span> <span class='ocrx_word' id='word_1_76' title='bbox 571 1360 659 1431; x_wconf 89' lang='lat' dir='ltr'>inre,</span> <span class='ocrx_word' id='word_1_77' title='bbox 684 1362 761 1418; x_wconf 87' lang='lat' dir='ltr'>sicut</span> <span class='ocrx_word' id='word_1_78' title='bbox 778 1375 821 1418; x_wconf 86' lang='lat' dir='ltr'>est</span> <span class='ocrx_word' id='word_1_79' title='bbox 844 1361 926 1417; x_wconf 89' lang='lat' dir='ltr'>aliud</span> <span class='ocrx_word' id='word_1_80' title='bbox 944 1363 1054 1418; x_wconf 90' lang='lat' dir='ltr'>habere</span> <span class='ocrx_word' id='word_1_81' title='bbox 1077 1360 1123 1417; x_wconf 92' lang='lat' dir='ltr'>ius</span> <span class='ocrx_word' id='word_1_82' title='bbox 1147 1361 1273 1430; x_wconf 85' lang='lat' dir='ltr'>adhoc,</span> <span class='ocrx_word' id='word_1_83' title='bbox 1297 1374 1328 1416; x_wconf 92' lang='lat' dir='ltr'>ut</span> 
     </span>
     <span class='ocr_line' id='line_1_11' title="bbox 342 1447 1365 1522; baseline -0.004 -18"><span class='ocrx_word' id='word_1_84' title='bbox 342 1468 388 1505; x_wconf 87' lang='lat' dir='ltr'>res</span> <span class='ocrx_word' id='word_1_85' title='bbox 405 1451 601 1522; x_wconf 86' lang='lat' dir='ltr'>postmodum</span> <span class='ocrx_word' id='word_1_86' title='bbox 620 1451 777 1519; x_wconf 85' lang='lat' dir='ltr'>habeatur,</span> <span class='ocrx_word' id='word_1_87' title='bbox 796 1463 824 1505; x_wconf 93' lang='lat' dir='ltr'>et</span> <span class='ocrx_word' id='word_1_88' title='bbox 841 1449 923 1504; x_wconf 89' lang='lat' dir='ltr'>aliud</span> <span class='ocrx_word' id='word_1_89' title='bbox 935 1450 1046 1505; x_wconf 87' lang='lat' dir='ltr'>habere</span> <span class='ocrx_word' id='word_1_90' title='bbox 1063 1447 1224 1505; x_wconf 85' lang='lat' dir='ltr'>actualiter</span> <span class='ocrx_word' id='word_1_91' title='bbox 1239 1466 1326 1504; x_wconf 89' lang='lat' dir='ltr'>usum</span> <span class='ocrx_word' id='word_1_92' title='bbox 1340 1467 1365 1501; x_wconf 87' lang='lat' dir='ltr'>to</span> 
     </span>
     <span class='ocr_line' id='line_1_12' title="bbox 342 1535 1328 1611; baseline -0.002 -19"><span class='ocrx_word' id='word_1_93' title='bbox 342 1536 471 1601; x_wconf 84' lang='lat' dir='ltr'>fructus;</span> <span class='ocrx_word' id='word_1_94' title='bbox 504 1554 558 1592; x_wconf 86' lang='lat' dir='ltr'>nec</span> <span class='ocrx_word' id='word_1_95' title='bbox 589 1535 724 1594; x_wconf 87' lang='lat' dir='ltr'>dissonat</span> <span class='ocrx_word' id='word_1_96' title='bbox 749 1538 830 1611; x_wconf 90' lang='lat' dir='ltr'>quod</span> <span class='ocrx_word' id='word_1_97' title='bbox 854 1554 955 1593; x_wconf 84' lang='lat' dir='ltr'>servus</span> <span class='ocrx_word' id='word_1_98' title='bbox 980 1538 1077 1593; x_wconf 89' lang='lat' dir='ltr'>bonus</span> <span class='ocrx_word' id='word_1_99' title='bbox 1101 1548 1130 1592; x_wconf 91' lang='lat' dir='ltr'>et</span> <span class='ocrx_word' id='word_1_100' title='bbox 1154 1535 1252 1592; x_wconf 85' lang='lat' dir='ltr'>fidelis</span> <span class='ocrx_word' id='word_1_101' title='bbox 1277 1553 1328 1608; x_wconf 87' lang='lat' dir='ltr'>po-</span> 
     </span>
     <span class='ocr_line' id='line_1_13' title="bbox 342 1621 1328 1697; baseline 0 -18"><span class='ocrx_word' id='word_1_102' title='bbox 342 1637 431 1680; x_wconf 86' lang='lat' dir='ltr'>netur</span> <span class='ocrx_word' id='word_1_103' title='bbox 454 1641 544 1697; x_wconf 90' lang='lat' dir='ltr'>super</span> <span class='ocrx_word' id='word_1_104' title='bbox 562 1625 666 1680; x_wconf 87' lang='lat' dir='ltr'>decern</span> <span class='ocrx_word' id='word_1_105' title='bbox 684 1625 831 1689; x_wconf 82' lang='lat' dir='ltr'>civitates,</span> <span class='ocrx_word' id='word_1_106' title='bbox 856 1623 927 1697; x_wconf 91' lang='lat' dir='ltr'>quia</span> <span class='ocrx_word' id='word_1_107' title='bbox 951 1622 1095 1696; x_wconf 81' lang='lat' dir='ltr'>gaudebit</span> <span class='ocrx_word' id='word_1_108' title='bbox 1118 1621 1149 1678; x_wconf 93' lang='lat' dir='ltr'>in</span> <span class='ocrx_word' id='word_1_109' title='bbox 1175 1623 1277 1697; x_wconf 87' lang='lat' dir='ltr'>patria</span> <span class='ocrx_word' id='word_1_110' title='bbox 1292 1624 1328 1678; x_wconf 88' lang='lat' dir='ltr'>de</span> 
     </span>
     <span class='ocr_line' id='line_1_14' title="bbox 342 1709 1327 1785; baseline -0.002 -18"><span class='ocrx_word' id='word_1_111' title='bbox 342 1725 405 1767; x_wconf 89' lang='lat' dir='ltr'>tota</span> <span class='ocrx_word' id='word_1_112' title='bbox 431 1709 625 1767; x_wconf 78' lang='lat' dir='ltr'>universitate</span> <span class='ocrx_word' id='word_1_113' title='bbox 642 1712 799 1768; x_wconf 88' lang='lat' dir='ltr'>hominum</span> <span class='ocrx_word' id='word_1_114' title='bbox 825 1730 901 1785; x_wconf 90' lang='lat' dir='ltr'>quos</span> <span class='ocrx_word' id='word_1_115' title='bbox 926 1710 1074 1768; x_wconf 85' lang='lat' dir='ltr'>convertit</span> <span class='ocrx_word' id='word_1_116' title='bbox 1097 1723 1126 1766; x_wconf 90' lang='lat' dir='ltr'>et</span> <span class='ocrx_word' id='word_1_117' title='bbox 1151 1709 1275 1766; x_wconf 90' lang='lat' dir='ltr'>habicio</span> <span class='ocrx_word' id='word_1_118' title='bbox 1298 1709 1327 1765; x_wconf 92' lang='lat' dir='ltr'>in</span> 
     </span>
     <span class='ocr_line' id='line_1_15' title="bbox 342 1797 941 1874; baseline 0.002 -20"><span class='ocrx_word' id='word_1_119' title='bbox 342 1798 389 1854; x_wconf 78' lang='lat' dir='ltr'>via</span> <span class='ocrx_word' id='word_1_120' title='bbox 414 1812 457 1854; x_wconf 86' lang='lat' dir='ltr'>est</span> <span class='ocrx_word' id='word_1_121' title='bbox 481 1797 553 1854; x_wconf 86' lang='lat' dir='ltr'>satis</span> <span class='ocrx_word' id='word_1_122' title='bbox 578 1799 698 1855; x_wconf 89' lang='lat' dir='ltr'>modica</span> <span class='ocrx_word' id='word_1_123' title='bbox 722 1801 823 1874; x_wconf 88' lang='lat' dir='ltr'>quoad</span> <span class='ocrx_word' id='word_1_124' title='bbox 848 1798 941 1855; x_wconf 86' lang='lat' dir='ltr'>illam.</span> 
     </span>
    </p>

    <p class='ocr_par' dir='ltr' id='par_1_7' title="bbox 147 1882 1363 1961">
     <span class='ocr_line' id='line_1_16' title="bbox 147 1882 1363 1961; baseline -0.002 -20"><span class='ocrx_word' id='word_1_125' title='bbox 147 1897 313 1952; x_wconf 77' lang='lat' dir='ltr'>Ctnysonom:</span> <span class='ocrx_word' id='word_1_126' title='bbox 387 1885 593 1941; x_wconf 82' lang='lat' dir='ltr'>Crisostontus</span> <span class='ocrx_word' id='word_1_127' title='bbox 632 1900 731 1942; x_wconf 87' lang='lat' dir='ltr'>autem</span> <span class='ocrx_word' id='word_1_128' title='bbox 765 1904 855 1961; x_wconf 88' lang='lat' dir='ltr'>super</span> <span class='ocrx_word' id='word_1_129' title='bbox 890 1885 948 1942; x_wconf 93' lang='lat' dir='ltr'>isto</span> <span class='ocrx_word' id='word_1_130' title='bbox 980 1899 1061 1942; x_wconf 81' lang='lat' dir='ltr'>textu</span> <span class='ocrx_word' id='word_1_131' title='bbox 1094 1883 1137 1941; x_wconf 88' lang='lat' dir='ltr'>sic</span> <span class='ocrx_word' id='word_1_132' title='bbox 1176 1882 1363 1960; x_wconf 78' lang='lat' dir='ltr'>loquitur:15</span> 
     </span>
    </p>

    <p class='ocr_par' dir='ltr' id='par_1_8' title="bbox 134 1949 1328 2048">
     <span class='ocr_line' id='line_1_17' title="bbox 134 1949 1328 2048; baseline -0.003 -20"><span class='ocrx_word' id='word_1_133' title='bbox 134 1949 321 2045; x_wconf 51' lang='grc' dir='ltr'>Ηῐῖζῇεέἧξξξω</span> <span class='ocrx_word' id='word_1_134' title='bbox 344 1973 444 2028; x_wconf 88' lang='lat' dir='ltr'>Primo</span> <span class='ocrx_word' id='word_1_135' title='bbox 462 1973 612 2028; x_wconf 79' lang='lat' dir='ltr'>rideamus</span> <span class='ocrx_word' id='word_1_136' title='bbox 627 1992 718 2048; x_wconf 83' lang='lat' dir='ltr'>qrrare</span> <span class='ocrx_word' id='word_1_137' title='bbox 739 1973 853 2029; x_wconf 87' lang='lat' dir='ltr'>interim</span> <span class='ocrx_word' id='word_1_138' title='bbox 871 1974 1015 2030; x_wconf 80' lang='lat' dir='ltr'>Dominus</span> <span class='ocrx_word' id='word_1_139' title='bbox 1031 1973 1160 2029; x_wconf 83' lang='lat' dir='ltr'>ascendit</span> <span class='ocrx_word' id='word_1_140' title='bbox 1183 1972 1213 2027; x_wconf 89' lang='lat' dir='ltr'>in</span> <span class='ocrx_word' id='word_1_141' title='bbox 1235 1972 1328 2029; x_wconf 87' lang='lat' dir='ltr'>celum</span> 
     </span>
    </p>

    <p class='ocr_par' dir='ltr' id='par_1_9' title="bbox 139 2054 1366 3442">
     <span class='ocr_line' id='line_1_18' title="bbox 139 2054 1329 2149; baseline -0.002 -34"><span class='ocrx_word' id='word_1_142' title='bbox 139 2054 320 2149; x_wconf 41' lang='lat' dir='ltr'>Silsssffglsswffll</span> <span class='ocrx_word' id='word_1_143' title='bbox 339 2071 406 2136; x_wconf 89' lang='lat' dir='ltr'>post</span> <span class='ocrx_word' id='word_1_144' title='bbox 427 2060 571 2116; x_wconf 80' lang='lat' dir='ltr'>irradieum</span> <span class='ocrx_word' id='word_1_145' title='bbox 597 2061 701 2116; x_wconf 90' lang='lat' dir='ltr'>iterum</span> <span class='ocrx_word' id='word_1_146' title='bbox 727 2079 902 2117; x_wconf 80' lang='lat' dir='ltr'>reuersurus</span> <span class='ocrx_word' id='word_1_147' title='bbox 933 2071 959 2116; x_wconf 88' lang='lat' dir='ltr'>et</span> <span class='ocrx_word' id='word_1_148' title='bbox 991 2078 1107 2137; x_wconf 84' lang='lat' dir='ltr'>semper</span> <span class='ocrx_word' id='word_1_149' title='bbox 1129 2078 1193 2116; x_wconf 88' lang='lat' dir='ltr'>cnm</span> <span class='ocrx_word' id='word_1_150' title='bbox 1217 2059 1329 2117; x_wconf 87' lang='lat' dir='ltr'>sanctis</span> 
     </span>
     <span class='ocr_line' id='line_1_19' title="bbox 342 2146 1328 2224; baseline -0.001 -22"><span class='ocrx_word' id='word_1_151' title='bbox 342 2149 480 2223; x_wconf 75' lang='lat' dir='ltr'>futurus,</span> <span class='ocrx_word' id='word_1_152' title='bbox 502 2159 532 2203; x_wconf 90' lang='lat' dir='ltr'>ut</span> <span class='ocrx_word' id='word_1_153' title='bbox 554 2149 669 2204; x_wconf 86' lang='lat' dir='ltr'>absente</span> <span class='ocrx_word' id='word_1_154' title='bbox 686 2148 834 2224; x_wconf 80' lang='lat' dir='ltr'>enfideles</span> <span class='ocrx_word' id='word_1_155' title='bbox 856 2148 986 2224; x_wconf 73' lang='lat' dir='ltr'>gloriam</span> <span class='ocrx_word' id='word_1_156' title='bbox 1010 2147 1067 2204; x_wconf 88' lang='lat' dir='ltr'>sibi</span> <span class='ocrx_word' id='word_1_157' title='bbox 1088 2158 1115 2203; x_wconf 91' lang='lat' dir='ltr'>et</span> <span class='ocrx_word' id='word_1_158' title='bbox 1139 2146 1229 2202; x_wconf 80' lang='lat' dir='ltr'>uitam</span> <span class='ocrx_word' id='word_1_159' title='bbox 1253 2158 1328 2202; x_wconf 86' lang='lat' dir='ltr'>eter-</span> 
     </span>
     <span class='ocr_line' id='line_1_20' title="bbox 343 2232 1329 2312; baseline -0.001 -23"><span class='ocrx_word' id='word_1_160' title='bbox 343 2254 409 2289; x_wconf 88' lang='lat' dir='ltr'>nam</span> <span class='ocrx_word' id='word_1_161' title='bbox 434 2235 586 2308; x_wconf 85' lang='lat' dir='ltr'>acquirant</span> <span class='ocrx_word' id='word_1_162' title='bbox 620 2253 677 2312; x_wconf 89' lang='lat' dir='ltr'>per</span> <span class='ocrx_word' id='word_1_163' title='bbox 709 2254 808 2311; x_wconf 89' lang='lat' dir='ltr'>opera.</span> <span class='ocrx_word' id='word_1_164' title='bbox 848 2235 987 2291; x_wconf 86' lang='lat' dir='ltr'>Preseute</span> <span class='ocrx_word' id='word_1_165' title='bbox 1018 2235 1092 2290; x_wconf 91' lang='lat' dir='ltr'>enim</span> <span class='ocrx_word' id='word_1_166' title='bbox 1120 2232 1241 2290; x_wconf 83' lang='lat' dir='ltr'>Christo</span> <span class='ocrx_word' id='word_1_167' title='bbox 1279 2251 1329 2289; x_wconf 89' lang='lat' dir='ltr'>nec</span> 
     </span>
     <span class='ocr_line' id='line_1_21' title="bbox 343 2320 1365 2398; baseline -0.002 -22"><span class='ocrx_word' id='word_1_168' title='bbox 343 2322 482 2396; x_wconf 86' lang='lat' dir='ltr'>temptari</span> <span class='ocrx_word' id='word_1_169' title='bbox 495 2321 606 2397; x_wconf 82' lang='lat' dir='ltr'>fideles</span> <span class='ocrx_word' id='word_1_170' title='bbox 625 2333 764 2398; x_wconf 85' lang='lat' dir='ltr'>poterant</span> <span class='ocrx_word' id='word_1_171' title='bbox 787 2340 839 2377; x_wconf 89' lang='lat' dir='ltr'>nec</span> <span class='ocrx_word' id='word_1_172' title='bbox 858 2322 986 2398; x_wconf 87' lang='lat' dir='ltr'>probari</span> <span class='ocrx_word' id='word_1_173' title='bbox 1007 2323 1034 2378; x_wconf 87' lang='lat' dir='ltr'>si</span> <span class='ocrx_word' id='word_1_174' title='bbox 1055 2331 1150 2378; x_wconf 89' lang='lat' dir='ltr'>essent</span> <span class='ocrx_word' id='word_1_175' title='bbox 1173 2320 1240 2377; x_wconf 83' lang='lat' dir='ltr'>ueri</span> <span class='ocrx_word' id='word_1_176' title='bbox 1251 2320 1365 2398; x_wconf 81' lang='lat' dir='ltr'>fide-20</span> 
     </span>
     <span class='ocr_line' id='line_1_22' title="bbox 343 2408 1327 2486; baseline -0.001 -23"><span class='ocrx_word' id='word_1_177' title='bbox 343 2410 393 2475; x_wconf 87' lang='lat' dir='ltr'>les,</span> <span class='ocrx_word' id='word_1_178' title='bbox 418 2409 552 2483; x_wconf 84' lang='lat' dir='ltr'>qnoniam</span> <span class='ocrx_word' id='word_1_179' title='bbox 569 2409 595 2464; x_wconf 91' lang='lat' dir='ltr'>si</span> <span class='ocrx_word' id='word_1_180' title='bbox 616 2409 653 2465; x_wconf 90' lang='lat' dir='ltr'>sit</span> <span class='ocrx_word' id='word_1_181' title='bbox 674 2428 796 2486; x_wconf 85' lang='lat' dir='ltr'>presens</span> <span class='ocrx_word' id='word_1_182' title='bbox 812 2428 867 2464; x_wconf 89' lang='lat' dir='ltr'>non</span> <span class='ocrx_word' id='word_1_183' title='bbox 884 2410 1015 2465; x_wconf 85' lang='lat' dir='ltr'>creditur</span> <span class='ocrx_word' id='word_1_184' title='bbox 1038 2410 1089 2465; x_wconf 83' lang='lat' dir='ltr'>sed</span> <span class='ocrx_word' id='word_1_185' title='bbox 1114 2408 1240 2480; x_wconf 82' lang='lat' dir='ltr'>uidetur,</span> <span class='ocrx_word' id='word_1_186' title='bbox 1265 2426 1327 2463; x_wconf 89' lang='lat' dir='ltr'>cum</span> 
     </span>
     <span class='ocr_line' id='line_1_23' title="bbox 342 2495 1327 2570; baseline -0.001 -19"><span class='ocrx_word' id='word_1_187' title='bbox 342 2508 437 2551; x_wconf 88' lang='lat' dir='ltr'>autem</span> <span class='ocrx_word' id='word_1_188' title='bbox 462 2496 564 2551; x_wconf 77' lang='lat' dir='ltr'>absens</span> <span class='ocrx_word' id='word_1_189' title='bbox 581 2496 680 2570; x_wconf 88' lang='lat' dir='ltr'>suerit</span> <span class='ocrx_word' id='word_1_190' title='bbox 704 2516 759 2553; x_wconf 87' lang='lat' dir='ltr'>nan</span> <span class='ocrx_word' id='word_1_191' title='bbox 784 2497 898 2551; x_wconf 82' lang='lat' dir='ltr'>uidetur</span> <span class='ocrx_word' id='word_1_192' title='bbox 920 2498 972 2553; x_wconf 82' lang='lat' dir='ltr'>sed</span> <span class='ocrx_word' id='word_1_193' title='bbox 995 2495 1127 2552; x_wconf 89' lang='lat' dir='ltr'>creditur</span> <span class='ocrx_word' id='word_1_194' title='bbox 1151 2496 1221 2550; x_wconf 82' lang='lat' dir='ltr'>dunt</span> <span class='ocrx_word' id='word_1_195' title='bbox 1246 2495 1327 2550; x_wconf 87' lang='lat' dir='ltr'>time·</span> 
     </span>
     <span class='ocr_line' id='line_1_24' title="bbox 343 2582 1328 2660; baseline -0.002 -22"><span class='ocrx_word' id='word_1_196' title='bbox 343 2595 400 2638; x_wconf 92' lang='lat' dir='ltr'>tur.</span> <span class='ocrx_word' id='word_1_197' title='bbox 430 2582 548 2638; x_wconf 81' lang='lat' dir='ltr'>Christo</span> <span class='ocrx_word' id='word_1_198' title='bbox 582 2583 675 2659; x_wconf 79' lang='lat' dir='ltr'>igitur</span> <span class='ocrx_word' id='word_1_199' title='bbox 709 2595 843 2659; x_wconf 80' lang='lat' dir='ltr'>presente</span> <span class='ocrx_word' id='word_1_200' title='bbox 876 2585 930 2639; x_wconf 87' lang='lat' dir='ltr'>etsi</span> <span class='ocrx_word' id='word_1_201' title='bbox 957 2583 1177 2660; x_wconf 89' lang='lat' dir='ltr'>temptacionem</span> <span class='ocrx_word' id='word_1_202' title='bbox 1202 2582 1328 2657; x_wconf 80' lang='lat' dir='ltr'>aliquam</span> 
     </span>
     <span class='ocr_line' id='line_1_25' title="bbox 342 2670 1329 2746; baseline -0.001 -21"><span class='ocrx_word' id='word_1_203' title='bbox 342 2670 517 2726; x_wconf 87' lang='lat' dir='ltr'>sustinerent</span> <span class='ocrx_word' id='word_1_204' title='bbox 530 2682 657 2746; x_wconf 87' lang='lat' dir='ltr'>propter</span> <span class='ocrx_word' id='word_1_205' title='bbox 672 2689 734 2727; x_wconf 91' lang='lat' dir='ltr'>eam</span> <span class='ocrx_word' id='word_1_206' title='bbox 751 2682 801 2726; x_wconf 88' lang='lat' dir='ltr'>ant</span> <span class='ocrx_word' id='word_1_207' title='bbox 817 2670 959 2726; x_wconf 86' lang='lat' dir='ltr'>iusticiam</span> <span class='ocrx_word' id='word_1_208' title='bbox 969 2671 1120 2745; x_wconf 79' lang='lat' dir='ltr'>jacerent,</span> <span class='ocrx_word' id='word_1_209' title='bbox 1144 2688 1218 2745; x_wconf 88' lang='lat' dir='ltr'>opus</span> <span class='ocrx_word' id='word_1_210' title='bbox 1234 2681 1329 2725; x_wconf 87' lang='lat' dir='ltr'>tamen</span> 
     </span>
     <span class='ocr_line' id='line_1_26' title="bbox 343 2757 1365 2835; baseline -0.003 -21"><span class='ocrx_word' id='word_1_211' title='bbox 343 2776 443 2814; x_wconf 85' lang='lat' dir='ltr'>earum</span> <span class='ocrx_word' id='word_1_212' title='bbox 469 2771 523 2813; x_wconf 86' lang='lat' dir='ltr'>nou</span> <span class='ocrx_word' id='word_1_213' title='bbox 549 2758 702 2814; x_wconf 83' lang='lat' dir='ltr'>uidebatur</span> <span class='ocrx_word' id='word_1_214' title='bbox 726 2759 753 2813; x_wconf 91' lang='lat' dir='ltr'>in</span> <span class='ocrx_word' id='word_1_215' title='bbox 768 2759 835 2835; x_wconf 81' lang='lat' dir='ltr'>fide</span> <span class='ocrx_word' id='word_1_216' title='bbox 857 2759 909 2813; x_wconf 83' lang='lat' dir='ltr'>sed</span> <span class='ocrx_word' id='word_1_217' title='bbox 932 2758 959 2812; x_wconf 88' lang='lat' dir='ltr'>in</span> <span class='ocrx_word' id='word_1_218' title='bbox 984 2758 1084 2814; x_wconf 89' lang='lat' dir='ltr'>oculis.</span> <span class='ocrx_word' id='word_1_219' title='bbox 1110 2757 1179 2811; x_wconf 82' lang='lat' dir='ltr'>Ideo</span> <span class='ocrx_word' id='word_1_220' title='bbox 1204 2775 1256 2813; x_wconf 89' lang='lat' dir='ltr'>nec</span> <span class='ocrx_word' id='word_1_221' title='bbox 1275 2761 1365 2833; x_wconf 78' lang='lat' dir='ltr'>ptr-ti</span> 
     </span>
     <span class='ocr_line' id='line_1_27' title="bbox 342 2843 1331 2921; baseline -0.001 -22"><span class='ocrx_word' id='word_1_222' title='bbox 342 2855 439 2900; x_wconf 88' lang='lat' dir='ltr'>terant</span> <span class='ocrx_word' id='word_1_223' title='bbox 470 2845 525 2900; x_wconf 88' lang='lat' dir='ltr'>sibi</span> <span class='ocrx_word' id='word_1_224' title='bbox 556 2846 718 2901; x_wconf 80' lang='lat' dir='ltr'>mercedem</span> <span class='ocrx_word' id='word_1_225' title='bbox 734 2845 812 2921; x_wconf 83' lang='lat' dir='ltr'>fidei</span> <span class='ocrx_word' id='word_1_226' title='bbox 839 2863 897 2920; x_wconf 88' lang='lat' dir='ltr'>per</span> <span class='ocrx_word' id='word_1_227' title='bbox 924 2845 1066 2901; x_wconf 89' lang='lat' dir='ltr'>iusticiam</span> <span class='ocrx_word' id='word_1_228' title='bbox 1099 2844 1253 2917; x_wconf 81' lang='lat' dir='ltr'>acquirere</span> <span class='ocrx_word' id='word_1_229' title='bbox 1276 2843 1331 2899; x_wconf 90' lang='lat' dir='ltr'>nisi</span> 
     </span>
     <span class='ocr_line' id='line_1_28' title="bbox 342 2931 1330 3008; baseline 0.001 -22"><span class='ocrx_word' id='word_1_230' title='bbox 342 2932 518 2989; x_wconf 86' lang='lat' dir='ltr'>ascendisset</span> <span class='ocrx_word' id='word_1_231' title='bbox 549 2933 584 2988; x_wconf 89' lang='lat' dir='ltr'>ab</span> <span class='ocrx_word' id='word_1_232' title='bbox 617 2933 665 2989; x_wconf 88' lang='lat' dir='ltr'>eis.</span> <span class='ocrx_word' id='word_1_233' title='bbox 706 2933 781 2988; x_wconf 87' lang='lat' dir='ltr'>Nam</span> <span class='ocrx_word' id='word_1_234' title='bbox 815 2949 918 2988; x_wconf 84' lang='lat' dir='ltr'>seruus</span> <span class='ocrx_word' id='word_1_235' title='bbox 930 2932 1034 3008; x_wconf 82' lang='lat' dir='ltr'>fidelis</span> <span class='ocrx_word' id='word_1_236' title='bbox 1063 2932 1180 2987; x_wconf 85' lang='lat' dir='ltr'>dontino</span> <span class='ocrx_word' id='word_1_237' title='bbox 1214 2931 1330 2987; x_wconf 86' lang='lat' dir='ltr'>absente</span> 
     </span>
     <span class='ocr_line' id='line_1_29' title="bbox 339 3018 1330 3095; baseline 0 -23"><span class='ocrx_word' id='word_1_238' title='bbox 339 3019 497 3095; x_wconf 85' lang='lat' dir='ltr'>probatur,</span> <span class='ocrx_word' id='word_1_239' title='bbox 529 3030 665 3094; x_wconf 87' lang='lat' dir='ltr'>presente</span> <span class='ocrx_word' id='word_1_240' title='bbox 698 3031 794 3075; x_wconf 88' lang='lat' dir='ltr'>antem</span> <span class='ocrx_word' id='word_1_241' title='bbox 829 3019 947 3074; x_wconf 84' lang='lat' dir='ltr'>domino</span> <span class='ocrx_word' id='word_1_242' title='bbox 979 3019 1114 3094; x_wconf 87' lang='lat' dir='ltr'>quicquid</span> <span class='ocrx_word' id='word_1_243' title='bbox 1128 3018 1243 3093; x_wconf 82' lang='lat' dir='ltr'>fecerit</span> <span class='ocrx_word' id='word_1_244' title='bbox 1275 3035 1330 3074; x_wconf 87' lang='lat' dir='ltr'>non</span> 
     </span>
     <span class='ocr_line' id='line_1_30' title="bbox 343 3106 1328 3181; baseline -0.001 -20"><span class='ocrx_word' id='word_1_245' title='bbox 343 3117 385 3162; x_wconf 87' lang='lat' dir='ltr'>est</span> <span class='ocrx_word' id='word_1_246' title='bbox 409 3107 473 3162; x_wconf 88' lang='lat' dir='ltr'>lans</span> <span class='ocrx_word' id='word_1_247' title='bbox 497 3107 577 3162; x_wconf 82' lang='lat' dir='ltr'>servi</span> <span class='ocrx_word' id='word_1_248' title='bbox 602 3108 654 3162; x_wconf 83' lang='lat' dir='ltr'>sed</span> <span class='ocrx_word' id='word_1_249' title='bbox 675 3107 792 3164; x_wconf 84' lang='lat' dir='ltr'>doruini.</span> <span class='ocrx_word' id='word_1_250' title='bbox 823 3106 907 3162; x_wconf 81' lang='lat' dir='ltr'>Vides</span> <span class='ocrx_word' id='word_1_251' title='bbox 930 3106 997 3180; x_wconf 83' lang='lat' dir='ltr'>quia</span> <span class='ocrx_word' id='word_1_252' title='bbox 1021 3124 1076 3161; x_wconf 90' lang='lat' dir='ltr'>nou</span> <span class='ocrx_word' id='word_1_253' title='bbox 1096 3116 1224 3181; x_wconf 86' lang='lat' dir='ltr'>propter</span> <span class='ocrx_word' id='word_1_254' title='bbox 1245 3123 1328 3161; x_wconf 80' lang='lat' dir='ltr'>stram</span> 
     </span>
     <span class='ocr_line' id='line_1_31' title="bbox 344 3189 1366 3270; baseline -0.001 -22"><span class='ocrx_word' id='word_1_255' title='bbox 344 3194 495 3250; x_wconf 85' lang='lat' dir='ltr'>utilitatem</span> <span class='ocrx_word' id='word_1_256' title='bbox 538 3194 672 3250; x_wconf 81' lang='lat' dir='ltr'>Christus</span> <span class='ocrx_word' id='word_1_257' title='bbox 710 3193 896 3264; x_wconf 82' lang='lat' dir='ltr'>ascendisset,</span> <span class='ocrx_word' id='word_1_258' title='bbox 943 3195 995 3250; x_wconf 88' lang='lat' dir='ltr'>sed</span> <span class='ocrx_word' id='word_1_259' title='bbox 1023 3203 1150 3270; x_wconf 87' lang='lat' dir='ltr'>propter</span> <span class='ocrx_word' id='word_1_260' title='bbox 1187 3203 1328 3251; x_wconf 90' lang='lat' dir='ltr'>nostram.</span> <span class='ocrx_word' id='word_1_261' title='bbox 1339 3189 1366 3239; x_wconf 85' lang='lat'>3⁰</span> 
     </span>
     <span class='ocr_line' id='line_1_32' title="bbox 347 3279 1329 3358; baseline -0.001 -22"><span class='ocrx_word' id='word_1_262' title='bbox 347 3282 470 3357; x_wconf 82' lang='lat' dir='ltr'>Tempus</span> <span class='ocrx_word' id='word_1_263' title='bbox 493 3293 588 3337; x_wconf 88' lang='lat' dir='ltr'>autem</span> <span class='ocrx_word' id='word_1_264' title='bbox 614 3282 711 3356; x_wconf 81' lang='lat' dir='ltr'>differt</span> <span class='ocrx_word' id='word_1_265' title='bbox 735 3282 853 3358; x_wconf 78' lang='lat' dir='ltr'>largum</span> <span class='ocrx_word' id='word_1_266' title='bbox 871 3291 900 3336; x_wconf 87' lang='lat' dir='ltr'>nt</span> <span class='ocrx_word' id='word_1_267' title='bbox 922 3281 1041 3358; x_wconf 79' lang='lat' dir='ltr'>longior</span> <span class='ocrx_word' id='word_1_268' title='bbox 1065 3281 1151 3336; x_wconf 85' lang='lat' dir='ltr'>detur</span> <span class='ocrx_word' id='word_1_269' title='bbox 1167 3279 1329 3335; x_wconf 79' lang='lat' dir='ltr'>homiuibus</span> 
     </span>
     <span class='ocr_line' id='line_1_33' title="bbox 344 3368 759 3442; baseline -0.002 -19"><span class='ocrx_word' id='word_1_270' title='bbox 344 3368 454 3425; x_wconf 89' lang='lat' dir='ltr'>iusticie</span> <span class='ocrx_word' id='word_1_271' title='bbox 469 3368 609 3442; x_wconf 79' lang='lat' dir='ltr'>faciende</span> <span class='ocrx_word' id='word_1_272' title='bbox 632 3368 759 3424; x_wconf 87' lang='lat' dir='ltr'>licencia.</span> 
     </span>
    </p>

    <p class='ocr_par' dir='ltr' id='par_1_10' title="bbox 135 3454 1330 3529">
     <span class='ocr_line' id='line_1_34' title="bbox 135 3454 1330 3529; baseline 0.003 -26"><span class='ocrx_word' id='word_1_273' title='bbox 135 3466 240 3520; x_wconf 55' lang='lat' dir='ltr'>stodeat·</span> <span class='ocrx_word' id='word_1_274' title='bbox 255 3465 331 3507; x_wconf 75' lang='lat' dir='ltr'>atita</span> <span class='ocrx_word' id='word_1_275' title='bbox 389 3456 429 3510; x_wconf 84' lang='lat' dir='ltr'>Et</span> <span class='ocrx_word' id='word_1_276' title='bbox 444 3457 582 3512; x_wconf 84' lang='lat' dir='ltr'>accedeus</span> <span class='ocrx_word' id='word_1_277' title='bbox 603 3456 653 3529; x_wconf 84' lang='lat' dir='ltr'>qui</span> <span class='ocrx_word' id='word_1_278' title='bbox 667 3455 788 3529; x_wconf 84' lang='lat' dir='ltr'>quinque</span> <span class='ocrx_word' id='word_1_279' title='bbox 803 3456 911 3510; x_wconf 89' lang='lat' dir='ltr'>talenta</span> <span class='ocrx_word' id='word_1_280' title='bbox 935 3465 987 3512; x_wconf 88' lang='lat' dir='ltr'>etc.</span> <span class='ocrx_word' id='word_1_281' title='bbox 1019 3455 1098 3524; x_wconf 83' lang='lat' dir='ltr'>Vide,</span> <span class='ocrx_word' id='word_1_282' title='bbox 1121 3454 1212 3510; x_wconf 83' lang='lat' dir='ltr'>botrus</span> <span class='ocrx_word' id='word_1_283' title='bbox 1227 3470 1330 3509; x_wconf 83' lang='lat' dir='ltr'>seruus</span> 
     </span>
    </p>

    <p class='ocr_par' dir='ltr' id='par_1_11' title="bbox 141 3518 1367 3968">
     <span class='ocr_line' id='line_1_35' title="bbox 141 3518 1328 3620; baseline -0.003 -23"><span class='ocrx_word' id='word_1_284' title='bbox 141 3518 202 3572; x_wconf 60' lang='lat'>⁸⁰⁰³</span> <span class='ocrx_word' id='word_1_285' title='bbox 218 3523 317 3560; x_wconf 52' lang='lat' dir='ltr'>“mm</span> <span class='ocrx_word' id='word_1_286' title='bbox 346 3561 401 3598; x_wconf 84' lang='lat' dir='ltr'>non</span> <span class='ocrx_word' id='word_1_287' title='bbox 425 3543 509 3617; x_wconf 87' lang='lat' dir='ltr'>quasi</span> <span class='ocrx_word' id='word_1_288' title='bbox 522 3544 659 3620; x_wconf 70' lang='lat' dir='ltr'>glorians</span> <span class='ocrx_word' id='word_1_289' title='bbox 682 3543 710 3597; x_wconf 91' lang='lat' dir='ltr'>in</span> <span class='ocrx_word' id='word_1_290' title='bbox 734 3560 822 3618; x_wconf 84' lang='lat' dir='ltr'>opere</span> <span class='ocrx_word' id='word_1_291' title='bbox 837 3561 889 3597; x_wconf 86' lang='lat' dir='ltr'>suo</span> <span class='ocrx_word' id='word_1_292' title='bbox 913 3560 968 3597; x_wconf 87' lang='lat' dir='ltr'>tum</span> <span class='ocrx_word' id='word_1_293' title='bbox 990 3541 1119 3617; x_wconf 85' lang='lat' dir='ltr'>primunt</span> <span class='ocrx_word' id='word_1_294' title='bbox 1145 3541 1328 3597; x_wconf 76' lang='lat' dir='ltr'>latratorum</span> 
     </span>
     <span class='ocr_line' id='line_1_36' title="bbox 346 3621 1367 3704; baseline 0 -21"><span class='ocrx_word' id='word_1_295' title='bbox 346 3630 521 3686; x_wconf 89' lang='lat' dir='ltr'>talentorum</span> <span class='ocrx_word' id='word_1_296' title='bbox 538 3630 709 3685; x_wconf 85' lang='lat' dir='ltr'>ntetnnriam</span> <span class='ocrx_word' id='word_1_297' title='bbox 723 3629 814 3704; x_wconf 80' lang='lat' dir='ltr'>jacit,</span> <span class='ocrx_word' id='word_1_298' title='bbox 838 3631 890 3685; x_wconf 86' lang='lat' dir='ltr'>sed</span> <span class='ocrx_word' id='word_1_299' title='bbox 902 3629 1001 3703; x_wconf 83' lang='lat' dir='ltr'>prima</span> <span class='ocrx_word' id='word_1_300' title='bbox 1023 3638 1166 3685; x_wconf 87' lang='lat' dir='ltr'>memorat</span> <span class='ocrx_word' id='word_1_301' title='bbox 1182 3646 1237 3703; x_wconf 83' lang='lat' dir='ltr'>qne</span> <span class='ocrx_word' id='word_1_302' title='bbox 1251 3621 1367 3683; x_wconf 79' lang='lat' dir='ltr'>acce-35</span> 
     </span>
     <span class='ocr_line' id='line_1_37' title="bbox 344 3714 1329 3792; baseline -0.002 -22"><span class='ocrx_word' id='word_1_303' title='bbox 344 3716 397 3791; x_wconf 86' lang='lat' dir='ltr'>pit,</span> <span class='ocrx_word' id='word_1_304' title='bbox 436 3729 615 3792; x_wconf 78' lang='lat' dir='ltr'>posteaque</span> <span class='ocrx_word' id='word_1_305' title='bbox 645 3716 760 3783; x_wconf 82' lang='lat' dir='ltr'>inuenit,</span> <span class='ocrx_word' id='word_1_306' title='bbox 799 3728 830 3770; x_wconf 90' lang='lat' dir='ltr'>ut</span> <span class='ocrx_word' id='word_1_307' title='bbox 853 3717 985 3771; x_wconf 83' lang='lat' dir='ltr'>ostendat</span> <span class='ocrx_word' id='word_1_308' title='bbox 1018 3734 1072 3771; x_wconf 85' lang='lat' dir='ltr'>tran</span> <span class='ocrx_word' id='word_1_309' title='bbox 1101 3714 1191 3771; x_wconf 83' lang='lat' dir='ltr'>studii</span> <span class='ocrx_word' id='word_1_310' title='bbox 1212 3714 1260 3771; x_wconf 86' lang='lat' dir='ltr'>sui</span> <span class='ocrx_word' id='word_1_311' title='bbox 1281 3725 1329 3769; x_wconf 88' lang='lat' dir='ltr'>aut</span> 
     </span>
     <span class='ocr_line' id='line_1_38' title="bbox 347 3801 1332 3879; baseline -0.003 -21"><span class='ocrx_word' id='word_1_312' title='bbox 347 3803 456 3861; x_wconf 85' lang='lat' dir='ltr'>labaris</span> <span class='ocrx_word' id='word_1_313' title='bbox 481 3805 651 3879; x_wconf 75' lang='lat' dir='ltr'>essequod</span> <span class='ocrx_word' id='word_1_314' title='bbox 674 3803 824 3878; x_wconf 72' lang='lat' dir='ltr'>acquisivit</span> <span class='ocrx_word' id='word_1_315' title='bbox 847 3805 899 3859; x_wconf 85' lang='lat' dir='ltr'>sed</span> <span class='ocrx_word' id='word_1_316' title='bbox 926 3802 1129 3879; x_wconf 83' lang='lat' dir='ltr'>beneficiorum</span> <span class='ocrx_word' id='word_1_317' title='bbox 1154 3801 1267 3858; x_wconf 82' lang='lat' dir='ltr'>domini</span> <span class='ocrx_word' id='word_1_318' title='bbox 1286 3801 1332 3858; x_wconf 87' lang='lat' dir='ltr'>sui</span> 
     </span>
     <span class='ocr_line' id='line_1_39' title="bbox 345 3889 1327 3968; baseline -0.001 -24"><span class='ocrx_word' id='word_1_319' title='bbox 345 3891 446 3964; x_wconf 86' lang='lat' dir='ltr'>quibus</span> <span class='ocrx_word' id='word_1_320' title='bbox 467 3891 618 3965; x_wconf 82' lang='lat' dir='ltr'>aequisivit</span> <span class='ocrx_word' id='word_1_321' title='bbox 634 3902 781 3965; x_wconf 86' lang='lat' dir='ltr'>tnnrqnam</span> <span class='ocrx_word' id='word_1_322' title='bbox 798 3891 825 3945; x_wconf 84' lang='lat' dir='ltr'>si</span> <span class='ocrx_word' id='word_1_323' title='bbox 846 3890 939 3946; x_wconf 85' lang='lat' dir='ltr'>dicat:</span> <span class='ocrx_word' id='word_1_324' title='bbox 962 3889 1095 3961; x_wconf 80' lang='lat' dir='ltr'>Dormire,</span> <span class='ocrx_word' id='word_1_325' title='bbox 1119 3907 1176 3968; x_wconf 76' lang='lat' dir='ltr'>ego</span> <span class='ocrx_word' id='word_1_326' title='bbox 1192 3899 1327 3964; x_wconf 83' lang='lat' dir='ltr'>quantum</span> 
     </span>
    </p>
   </div>
   <div class='ocr_carea' id='block_1_3' title="bbox 345 3976 1328 4052">
    <p class='ocr_par' dir='ltr' id='par_1_12' title="bbox 345 3976 1328 4052">
     <span class='ocr_line' id='line_1_40' title="bbox 345 3976 1328 4052; baseline 0.001 -21"><span class='ocrx_word' id='word_1_327' title='bbox 345 3979 384 4032; x_wconf 84' lang='lat' dir='ltr'>ad</span> <span class='ocrx_word' id='word_1_328' title='bbox 417 3997 510 4034; x_wconf 90' lang='lat' dir='ltr'>meum</span> <span class='ocrx_word' id='word_1_329' title='bbox 544 3978 670 4034; x_wconf 86' lang='lat' dir='ltr'>studium</span> <span class='ocrx_word' id='word_1_330' title='bbox 705 3989 732 4034; x_wconf 87' lang='lat' dir='ltr'>et</span> <span class='ocrx_word' id='word_1_331' title='bbox 769 3979 899 4034; x_wconf 86' lang='lat' dir='ltr'>laborem</span> <span class='ocrx_word' id='word_1_332' title='bbox 938 3978 994 4034; x_wconf 90' lang='lat' dir='ltr'>nisi</span> <span class='ocrx_word' id='word_1_333' title='bbox 1031 3976 1176 4032; x_wconf 82' lang='lat' dir='ltr'>modicam</span> <span class='ocrx_word' id='word_1_334' title='bbox 1215 3976 1328 4052; x_wconf 83' lang='lat' dir='ltr'>quidem</span> 
     </span>
    </p>
   </div>
   <div class='ocr_carea' id='block_1_4' title="bbox 346 4245 1327 4355">
    <p class='ocr_par' dir='ltr' id='par_1_13' title="bbox 346 4245 1327 4355">
     <span class='ocr_line' id='line_1_41' title="bbox 403 4245 1327 4299; baseline -0.005 -8"><span class='ocrx_word' id='word_1_335' title='bbox 403 4264 419 4297; x_wconf 84' lang='lat' dir='ltr'>t·</span> <span class='ocrx_word' id='word_1_336' title='bbox 437 4251 455 4291; x_wconf 78' lang='lat' dir='ltr'>:t</span> <span class='ocrx_word' id='word_1_337' title='bbox 468 4250 489 4291; x_wconf 89' lang='lat' dir='ltr'>in</span> <span class='ocrx_word' id='word_1_338' title='bbox 502 4261 575 4299; x_wconf 75' lang='lat' dir='ltr'>irrata.</span> <span class='ocrx_word' id='word_1_339' title='bbox 584 4264 588 4290; x_wconf 88' lang='lat'>:</span> <span class='ocrx_word' id='word_1_340' title='bbox 598 4249 724 4292; x_wconf 73' lang='lat' dir='ltr'>,lohannes</span> <span class='ocrx_word' id='word_1_341' title='bbox 779 4247 806 4290; x_wconf 73' lang='lat' dir='ltr'>ri.</span> <span class='ocrx_word' id='word_1_342' title='bbox 816 4249 835 4290; x_wconf 82' lang='grc' dir='ltr'>Α</span> <span class='ocrx_word' id='word_1_343' title='bbox 846 4249 867 4290; x_wconf 90' lang='lat' dir='ltr'>in</span> <span class='ocrx_word' id='word_1_344' title='bbox 878 4259 964 4299; x_wconf 64' lang='lat' dir='ltr'>niara:</span> <span class='ocrx_word' id='word_1_345' title='bbox 978 4247 1140 4290; x_wconf 77' lang='lat' dir='ltr'>Crisastomus.</span> <span class='ocrx_word' id='word_1_346' title='bbox 1196 4258 1230 4290; x_wconf 78' lang='lat' dir='ltr'>aa.</span> <span class='ocrx_word' id='word_1_347' title='bbox 1240 4245 1327 4290; x_wconf 69' lang='lat' dir='ltr'>Cedet:</span> 
     </span>
     <span class='ocr_line' id='line_1_42' title="bbox 346 4298 1327 4355; baseline -0.001 -13"><span class='ocrx_word' id='word_1_348' title='bbox 346 4303 511 4345; x_wconf 74' lang='lat' dir='ltr'>aruum—dum</span> <span class='ocrx_word' id='word_1_349' title='bbox 522 4303 591 4343; x_wconf 77' lang='lat' dir='ltr'>deest.</span> <span class='ocrx_word' id='word_1_350' title='bbox 648 4301 692 4354; x_wconf 77' lang='lat'>3;·-</span> <span class='ocrx_word' id='word_1_351' title='bbox 702 4300 734 4344; x_wconf 72' lang='lat'>1³8.</span> <span class='ocrx_word' id='word_1_352' title='bbox 746 4303 780 4343; x_wconf 80' lang='lat' dir='ltr'>A:</span> <span class='ocrx_word' id='word_1_353' title='bbox 795 4301 836 4343; x_wconf 81' lang='lat' dir='ltr'>sed</span> <span class='ocrx_word' id='word_1_354' title='bbox 848 4325 859 4332; x_wconf 92' lang='lat'>-</span> <span class='ocrx_word' id='word_1_355' title='bbox 872 4299 1081 4354; x_wconf 73' lang='lat' dir='ltr'>‹tcaut&#39;siuitdees13</span> <span class='ocrx_word' id='word_1_356' title='bbox 1097 4298 1114 4342; x_wconf 84' lang='grc' dir='ltr'><strong>Β</strong></span> <span class='ocrx_word' id='word_1_357' title='bbox 1125 4299 1147 4342; x_wconf 92' lang='lat' dir='ltr'>in</span> <span class='ocrx_word' id='word_1_358' title='bbox 1160 4312 1233 4355; x_wconf 78' lang='lat' dir='ltr'>marg.</span> <span class='ocrx_word' id='word_1_359' title='bbox 1243 4315 1247 4342; x_wconf 91' lang='lat'>:</span> <span class='ocrx_word' id='word_1_360' title='bbox 1256 4299 1327 4342; x_wconf 79' lang='lat' dir='ltr'>addit.</span> 
     </span>
    </p>
   </div>
   <div class='ocr_carea' id='block_1_5' title="bbox 403 4425 830 4493">
    <p class='ocr_par' dir='ltr' id='par_1_14' title="bbox 403 4425 830 4493">
     <span class='ocr_line' id='line_1_43' title="bbox 403 4425 830 4493; baseline 0.005 -20"><span class='ocrx_word' id='word_1_361' title='bbox 403 4427 439 4476; x_wconf 77' lang='lat' dir='ltr'>iti.</span> <span class='ocrx_word' id='word_1_362' title='bbox 459 4431 509 4491; x_wconf 79' lang='lat' dir='ltr'>(lp.</span> <span class='ocrx_word' id='word_1_363' title='bbox 531 4428 594 4491; x_wconf 80' lang='lat' dir='ltr'>imp.</span> <span class='ocrx_word' id='word_1_364' title='bbox 616 4428 632 4476; x_wconf 93' lang='lat' dir='ltr'>l.</span> <span class='ocrx_word' id='word_1_365' title='bbox 652 4443 674 4476; x_wconf 88' lang='lat' dir='ltr'>c.</span> <span class='ocrx_word' id='word_1_366' title='bbox 693 4442 752 4492; x_wconf 82' lang='lat' dir='ltr'>pag.</span> <span class='ocrx_word' id='word_1_367' title='bbox 771 4425 830 4493; x_wconf 73' lang='lat'>964.</span> 
     </span>
    </p>
   </div>
   <div class='ocr_carea' id='block_1_6' title="bbox 0 0 1520 5130">
    <p class='ocr_par' dir='ltr' id='par_1_15' title="bbox 0 0 1520 5130">
     <span class='ocr_line' id='line_1_44' title="bbox 0 0 1520 5130; baseline 0 0"><span class='ocrx_word' id='word_1_368' title='bbox 0 0 1520 5130; x_wconf 95' lang='lat' dir='ltr'> </span> 
     </span>
    </p>
   </div>
  </div>
 </body>
</html>
