3030 5130
153 519 221 563 cur.
237 503 311 590 xus]
440 523 485 573 oe
506 522 742 573 nuricumsno
764 524 827 573 cio.
846 523 876 572 11.

152 695 257 759 pectus
271 684 349 747 lesu,
375 684 445 738 dicit
467 684 507 738 ei:
533 684 666 752 Domine,
690 685 753 758 quis
777 684 843 739 est?
866 684 1026 758 Respondit
1048 683 1146 739 lesus:

156 771 210 827 Ille
228 781 280 839 est,
304 771 351 826 cui
370 771 520 827 intinctum
534 789 641 846 panem
660 789 715 847 ego
728 788 906 846 porrexero.
932 771 972 825 Et
992 781 1059 846 post
1080 772 1147 826 buc·

156 858 259 914 cellam
284 868 352 914 tuuc
389 858 519 913 introivit
543 859 571 913 in
596 877 659 913 eum
683 869 810 914 satanas,
847 860 943 930 Super
962 877 1023 931 quo
1046 860 1147 931 Augu·
1188 888 1329 938 A„g„„„„.3

156 945 266 1000 stinus:
293 945 358 1000 Hoc
381 945 528 1022 eratigelii
550 944 708 1020 capitulum
726 945 847 1019 fratres
881 945 920 999 ita
945 945 1024 1000 nobis
1057 963 1146 1018 expo-
1178 936 1340 980 wcsunow

131 1033 280 1088 fiuendum
316 1033 371 1088 bac
404 1032 528 1088 leccione
555 1032 740 1108 proposition
775 1044 827 1097 est,
859 1044 888 1087 ut
914 1032 970 1087 iam
995 1032 1085 1087 eciam
1112 1033 1147 1087 de
1171 990 1342 1085 iiiiiiiid‘e‘

157 1120 302 1175 traditore
338 1120 460 1174 Domini
486 1139 544 1195 per
572 1137 677 1195 panem
711 1119 830 1174 titutum
864 1119 944 1192 eique
975 1130 1145 1192 porrectum
1165 1094 1354 1188 ¹²¹s⁰{,l,‘{','¹,¹,¹¹¹⁰

155 1209 228 1262 satis
250 1206 399 1262 euidenter
421 1225 563 1281 expresso
587 1206 697 1280 aliquid
721 1207 818 1262 dicere
841 1206 1005 1261 debeanuts.
1040 1207 1078 1260 Et
1112 1206 1147 1260 de

157 1293 208 1349 illo
225 1294 349 1368 quidem,
371 1295 450 1369 quoa
473 1312 536 1349 eum
560 1294 616 1348 iam
642 1294 896 1349 demonstraturus
911 1292 994 1348 lesus
1013 1294 1147 1349 turbatus

157 1392 199 1436 est
222 1381 326 1456 spiritu
347 1381 493 1456 preterito
516 1398 651 1437 sermone
671 1381 806 1452 disserui,
831 1381 883 1435 sed
899 1379 986 1453 sorte
1009 1382 1086 1454 quod
1109 1380 1148 1435 ibi

116 1486 212 1523 ionon
237 1468 302 1523 dixi
333 1469 423 1524 eciam
448 1468 499 1523 hec
531 1469 612 1524 nobis
635 1467 778 1523 Dominus
809 1468 931 1544 signare
952 1486 1005 1522 sua
1026 1478 1146 1542 pertur-

157 1555 274 1611 bacione
298 1555 437 1632 dignatus
465 1566 516 1626 est,
540 1556 617 1630 quod
639 1555 748 1611 scilicet
769 1555 871 1629 salsos
890 1557 1010 1630 fratres
1038 1566 1064 1610 et
1096 1554 1146 1608 do-

157 1642 255 1697 minici
275 1643 348 1719 agri
369 1643 419 1697 illa
449 1642 582 1723 {irannia
606 1643 645 1697 ita
672 1660 786 1699 necesse
809 1653 851 1698 est
875 1660 963 1716 usqne
985 1642 1024 1697 ad
1046 1641 1146 1698 messis

156 1739 270 1805 ternpus
293 1730 368 1785 inter
383 1731 540 1804 frumenta
569 1730 703 1795 tolerari,
727 1740 758 1784 ut
780 1731 896 1804 quando
920 1747 959 1786 ex
982 1729 1023 1784 eis
1046 1729 1144 1803 aliqua

155 1816 292 1891 separari
313 1817 404 1872 eciam
422 1828 488 1872 ante
512 1834 632 1872 messem
650 1835 762 1894 urgens
785 1835 873 1873 causa
903 1817 1059 1892 compellit,
1072 1815 1148 1892 fieri

115 1903 217 1963 15sine
233 1904 352 1961 ecclesie
364 1904 591 1980 perturbacione
607 1921 662 1959 non
676 1904 778 1978 possit.
796 1904 882 1960 Hanc
889 1904 1144 1980 perturbacionem

154 2002 323 2047 sauctorum
347 2010 467 2047 suorum
488 2009 544 2067 per
567 1991 767 2046 schismaticos
797 2002 823 2046 et
846 1992 989 2048 hereticos
1005 1992 1144 2065 futuram

155 2079 369 2152 quodannnodo
390 2078 587 2154 prentmcians
611 2078 755 2133 Dominus
773 2078 972 2154 prefiguranit
989 2078 1058 2134 inse
1083 2078 1145 2153 ipso

155 2183 219 2221 cum
243 2165 361 2222 exituro
377 2166 453 2220 luda
479 2165 593 2220 bomine
608 2165 686 2220 malo
704 2176 730 2220 et
745 2165 980 2221 commixtionem
996 2164 1148 2239 frumenti

155 2252 183 2307 in
210 2270 265 2327 qua
295 2253 343 2307 diu
363 2254 471 2327 suerat
497 2252 640 2308 toleratus
666 2253 856 2328 separacione
883 2252 1068 2327 apertissima
1098 2270 1144 2308 re·

113 2339 263 2397 aolicturo
287 2340 420 2395 turbatus
450 2350 492 2395 est
525 2358 580 2394 uon
613 2357 702 2394 carne
732 2340 785 2394 sed
815 2339 929 2413 spiritu.
970 2338 1146 2414 Spirituales

156 2427 230 2482 enim
263 2427 323 2482 eius
355 2427 382 2482 in
417 2425 582 2482 huiusmodi
603 2426 752 2483 scandalis
785 2445 840 2482 non
869 2426 1066 2501 peruersitate
1093 2426 1146 2481 sed

157 2514 282 2570 caritate
313 2515 479 2582 turbantur,
518 2533 552 2570 ue
579 2514 666 2587 sorte
697 2514 725 2569 in
757 2513 947 2589 separacioue
979 2513 1144 2588 aliquorum

157 2600 356 2682 {ipauniorum
380 2601 468 2656 simul
490 2601 610 2676 aliquod
632 2601 800 2657 eradicetur
822 2613 849 2657 et
872 2601 1011 2657 triticmu.

206 2689 350 2744 Turbatus
374 2688 470 2763 itaque
493 2700 535 2744 est
556 2689 640 2744 lesus
663 2688 769 2764 spiritu
794 2699 819 2743 et
842 2698 1024 2764 protestatus
1047 2699 1089 2742 est
1119 2697 1145 2741 et

115 2775 250 2833 25dixit:
272 2776 363 2832 Amen
387 2794 471 2831 amen
496 2776 560 2831 dieo
585 2775 665 2831 vobis
694 2776 759 2850 quia
789 2794 861 2831 urnis
884 2793 923 2831 ex
947 2775 1026 2831 nobis
1049 2774 1145 2829 tradet

158 2879 211 2917 me.
241 2862 320 2919 Duris
343 2881 381 2919 ex
406 2864 485 2919 vobis
509 2881 640 2930 numero,
666 2881 721 2917 non
746 2863 858 2929 merito,
884 2881 957 2918 teritis
980 2879 1019 2917 ex
1041 2861 1145 2937 specie,

158 2968 213 3005 non
231 2950 346 3022 virtute,
371 2950 582 3007 commixcioue
603 2950 760 3024 corporali,
784 2968 840 3005 non
858 2949 971 3005 uinculo
988 2947 1145 3024 spirituali,

158 3037 255 3092 carnis
275 3038 469 3108 admixtione,
493 3056 548 3093 non
565 3036 662 3092 cordis
678 3037 773 3092 socius
797 3038 918 3092 unitate:
941 3036 1067 3111 proinde
1090 3054 1145 3091 non

157 3123 207 3198 qui
229 3142 267 3179 ex
296 3126 375 3180 uobis
404 3137 446 3182 est
472 3125 532 3195 sed,
562 3124 611 3199 qui
640 3141 679 3180 ex
707 3123 787 3179 nobis
814 3125 948 3180 exiturus
976 3134 1027 3181 est.
1068 3123 1144 3177 Nam

117 3213 302 3286 3oquomodo
334 3212 389 3268 erit
423 3230 523 3267 uerum
556 3211 634 3286 quod
662 3221 844 3286 protestatus
876 3222 918 3267 est
941 3211 1086 3266 Dominus
1119 3221 1146 3264 et

159 3298 250 3354 dixit:
276 3299 355 3355 llntts
378 3317 416 3354 ex
440 3300 535 3355 vobis:
565 3299 593 3353 si
626 3317 725 3355 nerum
750 3309 791 3354 est
815 3300 891 3374 qttcrd
922 3298 962 3352 ait
987 3298 1061 3353 idem
1086 3297 1146 3373 ipse

158 3386 185 3439 in
209 3386 329 3462 epistola
352 3405 419 3459 sua,
441 3386 523 3442 citius
545 3398 587 3440 est
611 3386 665 3441 lroe
688 3386 890 3461 euangelium:
914 3386 964 3440 lia·
987 3385 1068 3440 uobis
1084 3384 1144 3439 eui-

158 3484 242 3528 erunt
265 3475 318 3529 sed
340 3493 395 3528 non
419 3485 503 3528 eraut
527 3491 565 3528 ex
589 3473 684 3532 nobis:
707 3492 772 3527 ircim
801 3473 827 3527 si
840 3473 969 3547 fuissent
993 3489 1031 3526 es·
1055 3471 1144 3536 nobis,

159 3561 331 3616 triarisissent
355 3561 451 3635 utique
474 3561 629 3618 nobiscum.
657 3560 721 3615 Non
746 3559 833 3634 igitur
862 3570 925 3613 erat
949 3576 987 3613 ex
1016 3557 1073 3613 illis
1094 3558 1145 3612 du-

117 3647 228 3707 35das:
251 3648 402 3703 mansisset
426 3648 498 3703 enim
523 3666 588 3703 eum
612 3647 679 3715 illis,
703 3647 729 3700 si
751 3657 823 3701 esset
847 3664 886 3700 es·
909 3646 975 3700 illis.
1006 3646 1084 3711 Quid
1103 3655 1144 3700 est

158 3752 248 3809 ergo:
275 3735 353 3789 l'uus
376 3753 415 3790 ex
439 3735 519 3789 nobis
542 3735 632 3788 tradit
658 3752 716 3788 me:
740 3734 795 3787 nisi
810 3752 882 3787 unus
899 3751 937 3788 es·
955 3733 1034 3787 robis
1050 3733 1145 3786 iturus

159 3834 199 3876 est
231 3822 280 3896 qui
311 3823 408 3876 tradet
433 3841 492 3885 me,·
523 3823 588 3895 quia
617 3834 643 3876 et
668 3821 716 3875 ille
740 3821 788 3893 qui
809 3821 865 3874 ait:
897 3820 930 3873 Si
953 3820 1083 3892 fuissent
1107 3836 1146 3874 es·

159 3910 248 3975 uobis.
274 3911 444 3964 triansissent
461 3910 556 3982 utique
579 3909 736 3970 uobiscum,
760 3909 817 3962 iam
841 3908 973 3963 diverat:
998 3907 1049 3961 Ex
1065 3905 1145 3960 nobis

212 4215 230 4259 3.
248 4219 269 4259 A
285 4217 306 4259 in
323 4229 409 4267 mara:
431 4217 465 4258 Au
486 4217 582 4258 ustinus.
663 4231 684 4257 n.
707 4217 742 4258 A:
761 4218 802 4257 sed
820 4214 938 4264 fortassis.
1021 4226 1098 4256 n-tn.
1113 4213 1142 4254 u:

161 4269 256 4311 Domini
268 4272 333 4322 agri.
415 4269 446 4312 25.
492 4284 497 4310 τ
514 4281 573 4310 ureris
587 4280 615 4309 es
630 4270 687 4310 alter
702 4270 785 4308 merito
801 4269 872 4309 ,uest

213 4398 287 4458 {3-4.
307 4397 332 4444 S.
353 4397 514 4458 nuguuinus
533 4395 549 4443 l.
569 4410 590 4443 c.
610 4410 670 4459 sing.
689 4392 747 4440 ooo
851 4411 886 4442 tt.
908 4393 996 4442 uum.
1017 4394 1081 4453 ΧΙΙΙ,
1104 4395 1145 4441 ζἰυ.

162 4467 200 4515 32.
222 4466 238 4512 l.
258 4464 317 4514 loli.
338 4466 366 4525 ll,
391 4481 427 4529 ιι).
