3098 5130
212 509 280 555 cnr.
295 493 413 581 xxxin]
499 511 543 564 oe
565 509 801 564 iustoilusto
823 511 885 562 ino.
905 511 922 562 ι.

210 695 308 732 omnes
330 677 517 748 seducuntur,
546 686 671 751 apparet
697 675 764 751 quia
792 675 977 730 seductorum
1012 673 1196 751 negligencia

209 775 260 833 est,
289 781 345 819 uon
373 763 572 819 seducencium
598 763 700 818 virtus.
732 763 809 817 Nam
838 762 911 817 sicut
939 761 1048 817 ueritas
1079 760 1200 816 adliciat

211 849 320 926 fideles
344 851 383 905 ad
406 867 437 906 se
464 862 491 906 et
518 850 628 905 anticos
652 849 798 905 veritatis:
829 849 871 905 sic
898 858 925 904 el
949 848 1130 904 mendacium
1155 849 1196 903 in-

209 938 319 1013 fideles
343 937 422 1012 rapit
445 938 485 993 ad
507 954 538 993 se
566 948 592 993 et
616 937 726 992 anticos
749 935 893 991 mendacii
919 955 974 992 uon
1003 935 1143 1005 veritatis,
1173 946 1199 991 et

187 1024 320 1085 §veritas
352 1024 466 1098 quidem
499 1024 645 1080 interdum
680 1035 729 1078 aut
758 1023 889 1099 infideles
916 1023 1007 1079 trahit
1035 1022 1128 1078 adse
1150 1033 1200 1076 aut

211 1112 423 1169 inexcusabiles
440 1111 522 1186 jacit
549 1129 613 1167 eos:
645 1111 825 1167 mendacium
855 1120 949 1166 aulem
978 1127 1029 1165 nec
1053 1110 1199 1165 racionem

212 1200 298 1255 habet
321 1199 447 1273 aliquam
472 1198 657 1273 manifestam
682 1215 733 1254 nec
761 1198 896 1253 virtutem
921 1196 1058 1271 aliquam.
1088 1197 1201 1252 Deinde

212 1286 278 1361 quia
302 1286 411 1342 veritas
434 1296 461 1342 et
484 1285 512 1340 in
535 1303 620 1341 sensu
629 1285 767 1361 fidelium
791 1284 970 1356 dominatur,
994 1284 1176 1339 mendacium
1196 1277 1199 1363 l

119 1380 184 1449 4¹7b
212 1384 308 1429 autem
342 1373 369 1428 in
402 1391 487 1428 sensu
506 1373 644 1448 fidelium
673 1373 745 1428 nihil
772 1372 865 1428 habet.
896 1371 955 1438 Qui
981 1381 1077 1426 aretem
1098 1388 1200 1446 perse-

173 1479 202 1509 10
213 1461 361 1516 verauerit
384 1478 473 1534 usque
495 1460 522 1514 in
537 1460 641 1535 finem,
665 1459 711 1515 hic
726 1460 827 1516 saluus
848 1458 911 1515 erit.
936 1457 1036 1513 Miror
1058 1457 1201 1532 quomodo

213 1549 248 1603 de
271 1548 335 1603 Deo
368 1547 491 1603 heretici
521 1548 572 1603 hec
604 1546 784 1624 intelligunt;
815 1556 865 1601 aut
892 1545 966 1600 enim
996 1544 1127 1622 legentes
1150 1545 1201 1600 hee

212 1636 356 1710 quomodo
384 1635 450 1690 ausi
470 1645 536 1689 sunt
556 1635 812 1709 perscrutaciones
832 1632 950 1706 faeere,
983 1642 1033 1687 aul
1061 1650 1201 1708 perscru-

213 1722 339 1778 tationes
360 1721 509 1795 facientes
535 1722 680 1796 quomodo
713 1722 766 1778 hoc
800 1720 900 1797 legere
927 1737 982 1775 non
1011 1719 1203 1775 erubescant?

218 1809 328 1876 Quibus
344 1809 467 1864 dicitur:
493 1809 550 1876 Qui
562 1808 799 1884 perseveraverit
816 1825 904 1882 usque
925 1807 953 1862 in
960 1806 1078 1882 finem?
1101 1806 1203 1880 Utique

174 1896 444 1972 15perseeucionem
474 1896 665 1971 pacientibus.
704 1894 854 1969 Numquid
885 1893 1122 1970 persequentibus
1160 1911 1203 1949 se-

214 1983 307 2039 ductis
339 1983 528 2039 christianis?
559 1982 650 2038 Multi
681 2001 698 2038 a
722 1983 788 2059 fide
819 1983 938 2050 cadent;
975 1982 1027 2037 sed
1064 1980 1204 2055 numquid

213 2071 349 2126 seducent
369 2070 513 2147 prophete
537 2070 583 2125 uel
606 2069 715 2126 ueritas
737 2069 918 2146 euangelica.
944 2068 1024 2124 Sicut
1048 2067 1122 2124 enirn
1147 2085 1202 2122 non

212 2157 291 2213 sanis
318 2157 370 2214 sed
397 2156 522 2233 infirmis
549 2155 708 2232 apponitur
731 2156 883 2226 medicina,
910 2155 952 2210 sic
975 2166 1002 2210 et
1030 2154 1203 2222 consolacio,

214 2262 269 2299 non
302 2244 467 2320 periculum
482 2244 664 2319 jacientibus
690 2245 743 2299 sed
768 2242 1001 2319 periclitantibus
1029 2243 1127 2297 datur,
1163 2241 1203 2296 Et

172 2331 414 2406 eopredicabitur
446 2332 500 2387 hoc
533 2331 716 2409 euangelium
753 2331 780 2385 in
809 2331 944 2385 uriiuerso
968 2330 1047 2388 orbe.
1081 2329 1204 2384 Marcus

214 2416 368 2492 manifeste
384 2419 482 2475 addit:
505 2418 649 2488 Primum,
670 2418 770 2492 inquit,
788 2416 993 2492 predicabitur
1009 2415 1202 2492 euangelium.

219 2506 342 2573 Quando
371 2517 466 2562 aretem
496 2505 548 2560 illa
576 2505 651 2560 bella
680 2504 850 2579 corporalia
880 2505 1071 2559 movebantur
1099 2512 1203 2558 contra

212 2592 389 2663 Jerusalem,
413 2593 510 2649 adhuc
533 2592 706 2648 iniciabatur
728 2590 921 2668 evangelium.
947 2590 1083 2646 Nondum
1107 2599 1203 2645 autem

214 2690 279 2735 erat
304 2681 488 2756 predicatum
516 2679 545 2734 in
573 2689 632 2736 toto
661 2680 740 2737 orbe.
774 2681 848 2735 Ante
877 2679 995 2734 hereses
1017 2687 1112 2733 aulem
1137 2693 1203 2732 con-

173 2773 203 2825 25
214 2778 390 2823 summatum
408 2777 450 2823 est
466 2767 660 2843 evangelium,
678 2767 754 2822 Nam
772 2783 860 2840 usque
876 2767 915 2821 ad
925 2776 1037 2840 tempus
1052 2762 1207 2820 christiani

216 2853 297 2931 regis
326 2864 353 2910 el
380 2855 407 2910 si
429 2872 484 2910 non
504 2854 725 2929 predicantibus
750 2853 922 2929 quibusdam
950 2870 985 2908 ac
1008 2853 1044 2908 de
1066 2861 1154 2928 gente
1177 2850 1204 2905 in

215 2952 331 3018 gentem
361 2941 466 2998 noticia
495 2940 609 3000 Christi
635 2953 772 2997 currente
796 2939 931 3016 peruenit
958 2940 998 2995 ad
1021 2957 1129 2996 omnes,
1158 2937 1206 2993 Vis

216 3028 300 3099 scire,
325 3028 390 3103 quia
414 3040 482 3084 tunc
505 3028 649 3104 completa
674 3028 739 3084 est?
764 3027 926 3083 Considera
943 3027 1009 3101 quia
1026 3044 1058 3082 eo
1075 3037 1206 3101 ternpore

218 3115 350 3171 heresum
380 3115 454 3171 bella
479 3127 617 3191 ceperunt
639 3134 710 3189 esse,
739 3126 769 3171 ul
784 3114 876 3191 fieret
903 3114 1007 3170 eleccio
1035 3113 1203 3169 multorum.

176 3202 305 3268 30Nam,
338 3203 476 3276 quamdin
510 3203 626 3259 vocatio
661 3214 713 3272 est,
746 3221 801 3258 nou
827 3211 923 3278 potest
944 3200 1019 3277 fieri
1045 3199 1149 3256 eleccio
1177 3210 1205 3255 et

218 3289 356 3365 quamdin
380 3289 484 3346 eleccio
507 3301 560 3355 est,
584 3309 639 3345 non
660 3300 756 3366 polest
770 3288 877 3364 facilis
900 3306 962 3344 esse
978 3287 1102 3344 vocacio.
1127 3288 1205 3341 Nam

217 3378 289 3433 sicut
322 3377 426 3433 eleccio
459 3377 694 3453 impedimentum
727 3387 769 3433 est
802 3375 958 3444 uocacioni,
996 3375 1039 3431 sic
1071 3373 1208 3430 eleccioni

219 3464 353 3532 vocacio;
385 3465 461 3520 unde
487 3464 561 3520 sicul
589 3475 657 3520 tiotc
685 3464 808 3540 difficile
831 3474 950 3519 venerat
974 3463 1014 3517 ad
1028 3460 1132 3537 finem,
1165 3461 1207 3515 sic

219 3551 343 3606 mundus
366 3551 394 3606 in
418 3552 677 3612 consummacioue.
703 3553 766 3607 Hec
790 3549 1006 3606 Crisostomus.

178 3649 207 3701 35
261 3637 386 3694 Videtur
411 3637 501 3694 istum
525 3652 662 3695 sanctum
688 3637 837 3711 scriptura
860 3655 913 3693 sua
935 3649 1071 3692 correcta
1095 3633 1206 3690 sentire
1219 3645 1277 3687 now
1293 3642 1358 3696 pride
1373 3641 1418 3684 and

220 3725 366 3781 catholice
404 3728 485 3800 quod
524 3728 689 3783 seeundum
730 3737 840 3781 etatem
880 3723 972 3780 seculi
1012 3723 1130 3778 hereses
1178 3735 1206 3777 et
1253 3698 1391 3800 ξξῗξξέἔςῑᾙ

220 3812 359 3886 superbie
385 3826 523 3869 crescunt
548 3813 579 3868 in
605 3812 753 3868 militante
777 3810 904 3868 ecclesia
930 3824 959 3866 et
983 3807 1104 3866 racione
1121 3807 1207 3864 istius

221 3899 365 3955 crementi
390 3913 512 3973 oportet
536 3900 666 3956 finaliter
690 3898 848 3956 ecelesiam
875 3895 1089 3956 consummari.
1124 3895 1207 3952 Sicut

272 4183 308 4214 ρο.
324 4175 356 4214 A:
370 4171 533 4226 predicantur.
600 4169 633 4214 23.
650 4171 683 4213 A:
699 4170 867 4223 nunciabatnr;
883 4169 912 4211 tt:
924 4167 1071 4212 iru'ciebatur.
1126 4165 1158 4209 ⁷5.
1174 4167 1208 4210 A:

222 4234 294 4278 usque
308 4224 379 4267 deest.
434 4225 469 4267 26.
490 4227 587 4267 mlum
606 4223 728 4272 derente.
782 4221 937 4265 30.A:narn
951 4221 1024 4263 deest.
1078 4217 1208 4267 bobun:

222 4280 243 4316 et
257 4276 358 4329 qumido.
412 4274 444 4318 33.
463 4276 491 4318 B:
508 4276 584 4319 iuerat
597 4275 631 4317 ad
642 4274 723 4326 flnern.
783 4272 872 4320 33---3e
889 4274 916 4316 13:
931 4273 999 4314 sle-
1009 4272 1210 4314 crununnnaelone

223 4333 291 4369 deest,
363 4326 396 4371 35.
412 4331 433 4370 Α
453 4328 475 4370 in
492 4340 577 4381 more:
593 4327 718 4369 lohannes.

277 4468 316 4501 21.
336 4455 415 4501 Mami
435 4453 501 4514 ΧΙΙΙ,
526 4469 562 4502 ιο.
