3098 5130
124 480 185 537 204
400 491 403 495 ·
580 481 669 530 oeus
688 480 941 530 evanomtcou
962 480 1024 528 ms.
1044 479 1085 528 nt.
1179 457 1260 545 [cae.
1275 469 1323 516 tv·

144 646 313 702 chrysostom
343 638 469 694 humano
491 660 601 720 genere
629 653 754 716 propter
782 642 859 716 quod
879 642 1006 715 juerant
1038 641 1133 695 orrtnia
1158 640 1209 695 hec
1232 651 1332 695 creata

128 699 323 793 sun,‡i¹}fb¹¹2⁰⁰¹¹
342 725 422 780 circa
439 726 549 784 exitum
575 727 728 784 constituto
755 739 831 784 totus
848 728 1013 783 destituitur
1039 728 1173 796 ritantdus‚
1198 726 1333 782 universa

136 803 318 909 &gfff-⁶⁶0&
342 812 396 868 celi
427 813 587 872 ministeria
613 816 713 893 lugent
736 826 763 873 et
795 816 924 871 candore
947 815 1074 890 deposito
1100 832 1158 889 pro
1182 813 1336 870 luculentis

184 907 264 950 ternu.
344 901 468 957 vestibus
484 904 609 959 tenebris
626 903 792 959 vestientur.
816 903 893 958 Nam
916 902 961 957 sol
984 902 1189 958 obscurabitur
1213 911 1240 956 et
1264 901 1333 957 luna

341 1006 397 1044 non
421 990 501 1045 dabit
524 991 619 1047 lumen
642 1009 736 1060 suum,
769 1000 819 1045 aut
848 1001 974 1064 propter
997 989 1148 1065 indignam
1170 986 1359 1063 persecuti-5

341 1093 422 1131 onem
454 1090 623 1134 sanctorum
655 1078 784 1133 dolentes
816 1088 867 1132 aut
898 1095 987 1152 super
1019 1076 1174 1151 impiorum
1206 1077 1333 1151 pessima

340 1182 430 1239 opera
468 1165 653 1243 indignantes
685 1177 736 1222 aut
773 1164 959 1220 novissimam
992 1163 1049 1218 Dei
1078 1164 1261 1219 iracundiam
1286 1165 1334 1221 de—

340 1263 545 1323 monstrantes,
576 1264 606 1309 ut
637 1253 734 1308 adhuc
765 1251 924 1307 viventibus
956 1251 1051 1326 impiis
1091 1268 1180 1326 super
1220 1262 1332 1308 terram

340 1338 397 1393 iam
419 1350 525 1416 gustus
548 1341 635 1396 detur
668 1339 857 1414 infernalium
882 1338 1077 1395 tenebrarum.
1108 1339 1175 1393 Sive
1198 1340 1251 1394 hoc
1273 1339 1335 1394 sive

339 1425 390 1480 illo
428 1428 514 1482 modo
553 1427 656 1482 merito
695 1444 755 1483 nox
778 1426 970 1483 interveniens
998 1425 1074 1481 inter
1097 1426 1171 1480 diem
1206 1437 1235 1481 et
1258 1427 1332 1482 diem
1349 1444 1378 1477 ιο

336 1513 478 1588 predicet,
515 1514 582 1590 quia
617 1524 685 1588 post
716 1514 860 1570 modicum
894 1532 968 1569 nova
1007 1512 1069 1569 dies
1106 1512 1333 1570 resurreccionis

339 1611 381 1655 est
405 1601 562 1658 nascitura.
602 1601 760 1656 Dividetur
783 1601 866 1670 enim,
901 1618 935 1655 ne
966 1600 1049 1655 istius
1079 1600 1170 1656 seculi
1201 1611 1228 1656 et
1254 1600 1333 1655 illius

340 1705 395 1742 una
435 1688 570 1743 videatur
602 1706 664 1743 esse
695 1699 811 1744 uatitra.
852 1687 933 1742 Sicut
966 1686 1040 1742 enim
1076 1705 1174 1742 omnes
1197 1688 1332 1743 carnales

339 1774 484 1829 morimur
507 1786 537 1830 ut
557 1775 724 1850 spirituales
746 1793 917 1852 surgamuS,
940 1774 982 1830 sic
1004 1784 1032 1830 et
1054 1774 1105 1829 illa
1130 1774 1190 1829 dies
1206 1775 1332 1831 tenebris

339 1860 523 1917 interciditur
544 1862 629 1938 qttasi
650 1863 775 1936 quadam
801 1872 905 1931 morte,
934 1871 964 1916 ut
997 1879 1070 1917 nova
1095 1861 1198 1917 iterum
1232 1864 1374 1918 renas-15

339 1959 433 2004 catur.
467 1950 524 2003 Aut
556 1960 634 2005 certe
666 1949 730 2025 quia
759 1948 953 2025 spiritualiter
984 1948 1118 2024 iniquitas
1141 1966 1202 2004 nox
1225 1949 1329 2004 intelli-

338 2035 432 2111 gitur,
456 2035 569 2091 iusticia
586 2047 681 2092 autem
706 2036 776 2092 dies.
801 2036 853 2092 Ex
875 2035 1024 2092 nativitate
1047 2035 1121 2091 enim
1143 2034 1254 2091 Christi
1276 2036 1330 2092 lux

339 2132 406 2178 orta
434 2133 485 2193 est,
520 2123 630 2179 dicente
661 2124 822 2199 propheta:
861 2124 908 2178 Ad
937 2141 1089 2198 vesperum
1130 2123 1330 2179 demorabitur

341 2208 441 2286 fletus,
472 2220 498 2265 et
521 2210 561 2265 ad
583 2211 754 2266 matutinum
779 2210 882 2281 leticia.
922 2209 1012 2266 Mane
1038 2209 1173 2266 Christus
1196 2221 1328 2265 vocatur.

340 2295 404 2352 Hec
442 2297 502 2353 dies
534 2297 644 2354 iusticie
671 2298 698 2352 in
736 2298 816 2353 exitu
848 2298 949 2352 mundi
970 2297 1079 2374 finitur
1109 2297 1258 2373 iniquitate
1292 2308 1329 2366 et,
1341 2314 1372 2346 20

341 2401 477 2440 errorum
511 2384 637 2441 tenebris
671 2385 836 2442 obscurata.
876 2385 922 2440 De
945 2403 1000 2458 qua
1028 2384 1157 2457 loquitur
1185 2384 1330 2440 Dominus

340 2471 380 2525 ad
395 2472 543 2546 apostolos
560 2472 673 2528 dicens:
696 2471 851 2528 Ambulate
867 2472 934 2526 dum
956 2472 1052 2527 lmnen
1076 2471 1195 2541 habetis,
1220 2490 1255 2527 ne
1278 2490 1329 2528 vos

340 2559 457 2614 tenebre
480 2559 735 2633 comprehendant.
761 2558 813 2613 Sol
835 2559 1049 2626 obscurabitur,
1082 2557 1114 2613 id
1136 2570 1188 2627 est,
1222 2558 1327 2614 noticia

344 2644 454 2701 Christi
476 2646 578 2701 silebit.
596 2646 679 2700 Luna
696 2664 751 2701 non
769 2644 847 2701 dabit
864 2646 958 2700 lumen
975 2663 1069 2713 suum,
1092 2645 1123 2699 id
1134 2656 1187 2715 est,
1208 2646 1327 2701 ecclesia

340 2733 504 2788 sanctitatis
527 2751 577 2788 sue
599 2733 763 2788 claritatem
788 2751 843 2787 uon
868 2732 1088 2788 demonstrabit.
1114 2732 1202 2788 Stelle
1225 2733 1369 2788 cadent25

340 2819 376 2875 de
398 2819 469 2891 celo,
509 2820 540 2875 id
562 2831 614 2891 est,
651 2820 701 2896 qui
732 2819 867 2874 videntur
897 2819 991 2875 sancti
1018 2819 1278 2897 transgredientur
1301 2830 1328 2874 et

339 2906 443 2962 cadent
466 2906 501 2963 de
525 2907 667 2983 dignitate
689 2906 796 2963 celesti.
820 2906 897 2962 Nam
922 2908 998 2981 quod
1021 2906 1056 2962 de
1080 2906 1194 2961 diabolo
1218 2907 1326 2961 dictum

339 3003 394 3048 est:
423 2992 576 3068 Quomodo
597 2993 699 3050 cecidit
717 2993 839 3068 Lucifer
862 2994 898 3049 de
920 2994 982 3049 celo
998 2993 1047 3068 qui
1067 3011 1152 3048 mane
1167 2993 1326 3063 oriebatur,

338 3079 380 3135 sic
402 3080 635 3156 interpretantur
657 3081 783 3156 apostoli
810 3099 865 3136 non
889 3081 924 3136 de
946 3081 1098 3136 altitudine
1120 3080 1176 3136 celi
1205 3081 1245 3135 ad
1268 3091 1326 3135 ter-

340 3185 404 3221 ram
427 3168 479 3222 sed
496 3167 531 3223 de
554 3168 687 3245 angelica
705 3167 847 3244 dignitate
867 3169 907 3223 ad
923 3168 1112 3246 ignominiam
1129 3168 1324 3224 tenebrarum.
1338 3170 1370 3220 30

343 3254 496 3321 Quomodo
519 3265 614 3310 autem
632 3255 717 3311 rrzulti
731 3255 956 3311 christianorum
974 3255 1241 3332 transgredientur,
1264 3255 1326 3331 sig-

339 3352 389 3397 nat
412 3341 534 3396 Daniel:
568 3342 608 3397 Et
636 3343 671 3398 de
698 3342 830 3411 eruditis,
864 3342 963 3417 inquit,
992 3343 1096 3398 cadent
1119 3342 1211 3398 multi.
1247 3342 1326 3397 Sicut

339 3444 412 3505 ergo
444 3439 601 3504 tempestas
622 3430 743 3485 suscitat
774 3430 918 3501 nebulam,
951 3429 1053 3484 nebula
1077 3439 1172 3484 atttem
1197 3430 1327 3504 cooperit

337 3515 439 3585 solem,
462 3516 504 3571 sic
520 3516 676 3591 impiorum
698 3516 867 3591 persecucio
882 3517 1030 3572 suscitabit
1050 3517 1326 3593 transgressionem,

339 3603 538 3680 transgressio
561 3615 656 3659 autem
681 3604 903 3659 christianitatis
926 3604 1092 3659 obscurabit
1114 3605 1280 3659 candorem.
1337 3602 1367 3655 35

386 3690 467 3746 Unde
487 3692 632 3766 propheta
656 3690 724 3746 dicit
740 3690 768 3746 in
791 3691 850 3745 alio
874 3691 951 3746 loco:
976 3692 1029 3746 Sol
1044 3702 1175 3747 vertetur
1198 3691 1225 3745 iu
1250 3702 1325 3745 tene·

338 3777 399 3833 bris
422 3789 448 3832 et
472 3779 539 3833 luna
573 3778 600 3833 in
623 3778 794 3855 sanguinem
830 3778 861 3832 id
892 3789 934 3833 est
961 3778 1092 3846 ecclesia,
1130 3789 1180 3832 atet
1201 3789 1325 3852 propter

391 4008 410 4040 2.
426 3999 460 4040 A:
476 3997 593 4052 obstupuit
605 3999 710 4040 mundus.
731 4000 813 4041 Recte:
837 3997 991 4041 contristatur
1009 3997 1114 4040 muudus.
1195 3995 1216 4037 8.
1232 3997 1267 4038 A:
1283 3999 1324 4037 oid

338 4048 422 4093 adhuc.
495 4062 518 4092 ιο
541 4053 577 4093 A:
597 4050 681 4093 merito
696 4050 756 4092 enim
771 4062 825 4093 nos.
907 4063 932 4093 n.
948 4050 1016 4092 Codd
1033 4062 1039 4089 z
1052 4050 1176 4104 proscidet.
1245 4049 1272 4091 15.
1288 4050 1322 4090 A:

339 4108 442 4145 mortem.
506 4114 537 4155 to.
558 4101 586 4145 lt:
605 4100 677 4145 blane
691 4102 787 4146 Christi.
855 4103 890 4145 25.
905 4105 939 4145 A:
953 4101 1168 4159 transgrediuntur.
1237 4100 1269 4143 33,
1290 4102 1322 4142 h:

339 4155 424 4199 nubila.
447 4155 537 4199 nabila:
557 4156 588 4197 ib.
608 4157 641 4198 A:
657 4156 801 4209 cooperiunt.
882 4153 918 4205 36,
933 4153 966 4209 37.
981 4155 1110 4198 teteuehris.
1184 4152 1217 4197 38.
1233 4153 1322 4195 lindi:

339 4209 391 4250 item
406 4207 510 4250 ecclesia.
526 4207 631 4250 conexi.

395 4334 431 4384 18.
452 4334 547 4382 Psalm.
566 4334 655 4393 XXIX,
673 4331 697 4383 6.
762 4348 802 4383 22.
820 4332 880 4383 soh.
899 4333 952 4396 Xll‚
972 4332 1012 4384 35.
1086 4331 1117 4381 28
1146 4333 1177 4381 ls.
1196 4333 1263 4387 xlv,
1286 4348 1323 4380 to.

340 4407 379 4456 32.
400 4406 464 4454 Dan.
484 4404 525 4464 xt‚
546 4402 585 4454 35.
642 4401 681 4453 36.
700 4404 759 4453 loel
779 4403 808 4464 Il,
829 4405 871 4455 31.
