3098 5130
464 478 553 527 ortus
572 478 824 527 uvsuossseuu
846 477 908 527 sus.
928 478 970 529 ιιι.
1050 460 1133 544 [cau
1155 472 1220 518 xus.

225 639 408 694 ntinimarum
440 639 553 712 quidem
578 658 677 695 rerunt
702 639 830 695 decimas
852 638 1008 713 offerebant
1036 640 1220 695 ostendende

225 726 375 802 religionis
418 726 535 803 gracia,
574 727 601 781 in
640 727 755 783 iudiciis
790 737 886 782 autem
921 737 1005 783 eraut
1037 725 1148 797 iniusti,
1188 727 1217 782 in

7 805 215 910 Uffj¹elffi¹3e⁶⁰
227 813 378 886 fratribus
401 814 461 868 siue
484 813 697 883 misericordia,
722 814 749 869 in
774 813 896 869 veritate
918 830 1035 888 semper
1056 813 1216 870 increduli.

54 889 60 899 ⁸
200 889 310 968 'Quas
347 901 549 956 siuuclaciones
586 919 686 957 eorum
728 901 871 957 Dominus
908 917 1039 977 arguens
1077 900 1151 957 dicit
1189 912 1218 957 et

224 988 375 1064 adiungit:
406 987 573 1067 Hypocrite
608 989 749 1063 liquantes
781 987 911 1060 culicem,
944 988 1088 1043 camelum
1118 991 1240 1045 antemi

223 1076 390 1152 glucieutes.
421 1074 564 1143 Quoniam
588 1094 604 1130 a
630 1076 751 1132 modicis
769 1075 884 1151 qttidem
910 1074 1021 1132 delictis
1035 1092 1067 1131 se
1090 1075 1217 1132 abstine-

224 1163 292 1219 bant
307 1181 361 1237 que
374 1162 449 1239 fieri
469 1163 615 1218 solentes·
632 1164 750 1219 decimis
771 1182 826 1219 non
851 1163 966 1231 oblatis,
988 1180 1098 1241 magna
1119 1174 1216 1220 autem

225 1250 302 1305 mala
326 1250 466 1306 alacriter
482 1250 706 1315 contutittebant‚
729 1251 826 1327 qualia
842 1261 908 1307 suut
924 1249 1059 1307 iniustum
1076 1249 1217 1307 iudicium

225 1337 365 1405 iudicare,
398 1336 425 1392 in
456 1338 613 1411 proximos
636 1356 705 1394 suos
729 1339 794 1394 odia
819 1355 969 1409 exercere,
998 1338 1026 1393 in
1051 1336 1149 1393 Deum
1172 1337 1216 1393 in·

224 1425 374 1480 credulum
399 1442 467 1480 esse.
494 1425 524 1479 ln
549 1442 635 1481 causa
659 1438 754 1481 antem
777 1426 942 1481 scribarum
965 1436 992 1481 et
1004 1424 1216 1500 phariseorum
1230 1444 1257 1479 ιο

224 1511 341 1567 illorum
366 1512 472 1568 cadunt
495 1512 580 1567 inulti
601 1523 629 1568 et
651 1531 735 1585 rtttuc,
758 1513 808 1588 qui
831 1513 964 1568 ridentur
985 1511 1099 1588 quidem
1125 1512 1216 1569 eccle·

224 1599 297 1654 siam
322 1600 479 1669 bonorare,
501 1617 648 1674 pauperes
671 1600 829 1676 consolari,
861 1600 888 1655 iu
922 1599 1027 1655 iudicio
1050 1611 1149 1656 autem
1171 1618 1217 1657 se·

226 1686 324 1743 dentes
356 1698 405 1741 aut
437 1687 594 1742 secuudum
626 1705 824 1762 personarum
854 1687 1050 1762 accepeionem
1074 1686 1218 1756 iudicant,

224 1784 274 1828 aut
296 1775 451 1830 secuudum
485 1774 681 1849 differenciam
715 1793 865 1830 sustinerunt
889 1775 965 1830 iuter
990 1792 1022 1831 se
1050 1774 1130 1850 ipsos
1152 1774 1219 1831 lites

224 1862 406 1936 quotidianas
437 1875 573 1918 exercent
607 1862 672 1917 odia
695 1862 757 1917 siue
777 1862 851 1939 fine,
879 1873 1073 1938 preponentes
1100 1866 1258 1939 sempersi

225 1949 384 2004 avariciam
402 1948 529 2021 caritati,
553 1949 654 2024 infide
672 1960 767 2005 autern
784 1968 901 2025 semper
916 1950 1027 2026 infirmi
1039 1960 1117 2022 sunt,
1140 1949 1219 2006 inter

226 2037 400 2091 christianos
433 2047 458 2090 et
491 2036 632 2091 hereticos
664 2036 775 2091 rtstllam
800 2036 997 2111 differeneiaru
1021 2035 1217 2109 arbitrantur,

226 2123 299 2179 sicut
331 2134 358 2177 et
390 2123 535 2177 meretrix
568 2124 673 2178 mulier
704 2125 871 2180 adulterum
905 2124 935 2180 id
966 2125 1059 2199 ipsum
1081 2134 1168 2199 putat
1190 2135 1219 2181 et

228 2210 331 2265 uirton.
361 2209 400 2263 Et
423 2210 479 2283 ipsi
500 2228 573 2285 ergo
591 2212 732 2288 ypocrite
747 2222 814 2267 sum
830 2223 857 2267 et
879 2212 998 2268 culicem
1019 2211 1140 2287 liquant,
1157 2229 1218 2269 mo·

229 2297 322 2352 dicum
347 2297 538 2372 reprimentes
559 2309 711 2372 peccatum
729 2311 756 2354 et
771 2300 913 2356 camelum
929 2299 1062 2377 gluciunt
1083 2298 1217 2356 maxima
1228 2316 1260 2352 ιο

229 2396 254 2440 et
273 2385 401 2461 pessima
425 2384 641 2443 couunitteutes.

25 2461 201 2557 iuTJJs‘oelgflffisse
272 2473 357 2527 Nunc
390 2471 539 2527 ueniamus
572 2474 611 2527 ad
641 2473 818 2528 sacerdotes.
855 2473 969 2528 Scimus
999 2473 1066 2548 quia
1093 2490 1219 2530 seruare

11 2579 42 2627 ⁰¹¹.
50 2567 118 2611 mnes
127 2566 180 2608 tuan
189 2576 217 2606 on
230 2559 369 2614 iusticiam
394 2570 420 2614 et
436 2560 544 2633 facere
568 2559 801 2615 misericordiam
826 2571 852 2615 et
869 2558 1077 2636 liaberefidem
1090 2571 1219 2636 propter

25 2620 204 2674 s¹⁸¹¹t⁶⁰¹¹⁸¹¹e⁵⁸'
229 2665 310 2702 suam
342 2645 472 2722 gloriam
506 2647 655 2702 tatastdarit
689 2647 784 2713 lleus;
826 2647 953 2703 decimas
984 2658 1080 2703 autem
1108 2648 1220 2723 offerre

227 2746 352 2809 propter
376 2733 529 2788 utilitatem
553 2735 750 2803 sacerdotum,
783 2746 814 2788 ut
837 2735 1004 2790 sacerdotes
1027 2733 1141 2808 quidem
1161 2753 1218 2811 po·
1229 2738 1260 2791 25

226 2821 297 2896 pulo
321 2821 348 2875 iu
372 2820 573 2894 spiritualibus
596 2823 800 2895 obsequantur,
821 2822 926 2898 populi
946 2832 1041 2877 autem
1058 2821 1086 2876 in
1109 2838 1218 2879 carna·

229 2908 302 2964 libus
325 2907 527 2964 sacerdotibus
549 2908 776 2965 subministrent.
803 2909 979 2965 Sacerdotes
994 2925 1068 2985 ergo
1086 2908 1219 2965 avaricia

224 2995 313 3071 pleni,
338 2996 364 3050 si
393 2994 456 3070 quis
480 2997 515 3050 de
536 2995 645 3070 populo
671 2995 796 3052 decimas
825 3015 881 3051 uon
905 2994 1052 3052 obtulisset
1078 2995 1119 3052 ita
1152 3014 1218 3053 eum

228 3082 434 3157 corripiebant,
457 3082 541 3158 quasi
555 3101 695 3160 ntagnum
719 3078 828 3139 crimen
836 3084 970 3158 fecisset,
992 3082 1058 3157 quia
1075 3082 1219 3139 decimam

228 3170 350 3225 alicuius
384 3170 427 3225 rei
460 3171 505 3225 uel
536 3170 653 3226 numme
676 3189 730 3226 non
754 3171 896 3227 solvisset.
928 3170 1045 3246 Siquis
1068 3181 1164 3226 autem
1188 3170 1263 3229 insa

226 3257 335 3333 populo
365 3268 414 3311 aut
434 3257 573 3332 peccabat
597 3269 652 3336 aut¹
676 3258 799 3313 alterum
824 3259 937 3314 ledebat
960 3269 1011 3313 aut
1033 3257 1144 3333 aliquid
1158 3257 1222 3314 tale

230 3344 372 3419 jaciebat,
397 3362 479 3400 uetito
503 3347 624 3401 curabat
646 3345 797 3420 corripere
820 3364 893 3414 eum,
918 3345 1001 3420 quasi
1022 3344 1133 3401 nullam
1157 3344 1220 3401 cul·

226 3451 295 3508 pam
312 3431 435 3505 jecisset
459 3432 509 3506 qui
531 3433 558 3487 in
583 3433 677 3489 Deum
699 3433 847 3507 peccabat.
873 3433 920 3489 De
935 3450 986 3488 suo
1002 3432 1116 3506 quidem
1133 3430 1220 3489 lucro

228 3519 351 3575 sollicite
375 3519 513 3596 agebant,
538 3521 573 3576 de
595 3520 695 3597 gloria
720 3531 814 3575 autem
839 3520 897 3575 Dei
919 3531 945 3576 et
960 3518 1054 3576 salute
1069 3518 1218 3575 bominum

229 3606 424 3683 negligebant.
451 3607 519 3663 ldeo
544 3608 613 3663 dicit
636 3607 691 3663 eis:
720 3607 759 3662 Ve
783 3607 862 3663 uobis
879 3609 927 3682 qni
942 3605 1102 3679 decimatis,
1125 3606 1218 3663 eciam
1230 3616 1265 3672 35

230 3695 406 3750 ntiuutarum
442 3713 540 3750 rerunt
574 3695 694 3772 exigitis
727 3694 854 3751 decimas
883 3714 899 3750 a
920 3695 1030 3771 populo
1053 3704 1080 3751 et
1103 3692 1219 3751 miseri-

228 3782 359 3839 cordiam
376 3794 402 3838 et
418 3782 559 3838 iusticiam
571 3801 626 3837 non
635 3782 795 3856 jacientem
808 3783 949 3858 populum
967 3800 1022 3837 iton
1045 3781 1218 3839 admonetis.

281 4023 300 4051 ι.
330 4010 358 4051 u:
388 4010 553 4064 lepisgrncia.
635 4009 653 4050 3.
679 4011 714 4051 A·
736 4021 826 4063 semper
849 4010 920 4050 deest.
988 4020 1008 4058 7.
1037 4010 1072 4051 As
1091 4006 1134 4063 qui
1149 4008 1219 4061 Jiern.

230 4093 252 4133 o,
269 4092 299 4122 so.
315 4078 442 4141 discredunt.
513 4090 538 4121 u.
555 4081 587 4120 A:
603 4080 644 4133 qui
657 4079 728 4121 deest.
785 4091 815 4129 ss.
832 4079 862 4120 lt:
877 4083 899 4121 et
913 4089 962 4121 cum
976 4089 1002 4120 se
1015 4077 1080 4132 ipsis.
1141 4076 1171 4121 1⁵.
1186 4076 1219 4123 B:

195 4161 198 4165 ’
229 4178 319 4221 semper
333 4166 404 4209 deest.
473 4166 717 4209 18.ll:adaltcrum.
786 4162 1082 4219 anuiomargsuata.
1136 4162 1218 4209 25.B:

231 4235 351 4279 utilitates.
432 4233 462 4277 31.
479 4235 506 4277 B:
523 4235 653 4279 adulterum
668 4236 765 4279 tedebat.
848 4234 882 4277 Illi.
900 4235 928 4277 u:
948 4234 1106 4279 minimarum:
1127 4233 1160 4277 ib.
1182 4235 1219 4279 A:

231 4305 330 4348 decimas
344 4307 416 4348 dcc-st.

286 4415 308 4464 5.
329 4414 418 4463 blattis.
438 4414 525 4473 XXlll,
547 4430 586 4477 24.
