3098 5130
166 544 234 587 cnr.
248 531 291 613 u]
451 548 495 597 oF.
517 548 754 596 aNthtths'to
776 550 837 597 nm.
859 552 875 597 1.
894 612 896 618 Ι

166 710 309 783 atteritis?
333 709 363 763 ln
388 709 466 763 (irum
488 726 521 764 re
543 726 583 764 ex
605 709 666 784 ipsa
692 728 724 764 re
744 709 874 764 irascitur
890 711 967 783 quod
983 712 1154 766 exterminet

166 816 238 868 rem,
261 806 360 871 utpote
382 796 409 850 in
434 796 515 874 ligno
540 797 668 852 nascitur
699 796 807 852 vermis
830 798 879 871 qui
904 798 1076 852 exterminet
1098 798 1154 874 lig·

166 902 243 955 mnn,
267 901 305 940 ex
329 883 499 941 vestimento
523 884 652 939 nascitur
675 883 750 939 tinea
779 902 833 957 que
856 885 979 940 comedit
1004 885 1154 940 vestimen-

166 983 238 1043 tum,
267 989 306 1028 ex
328 971 457 1027 oleribus
480 971 610 1026 nascitur
634 971 741 1027 vermis
764 972 813 1045 qni
835 972 915 1027 olera
940 973 1074 1027 conversa
1091 991 1155 1028 cor·

141 1060 282 1135 §rumpit
317 1059 365 1114 Sic
396 1059 424 1115 in
456 1053 655 1133 spiritualibus
693 1075 732 1114 ex
766 1059 828 1133 ipso
863 1059 1016 1134 proposito
1054 1077 1153 1114 eorum

164 1146 313 1223 spirituali
353 1147 441 1202 sumit
480 1145 658 1201 occasionem
698 1145 845 1212 inimicus;
889 1148 963 1201 irride
1004 1146 1044 1202 als
1077 1147 1154 1201 recia

166 1234 248 1304 texit,
279 1233 346 1309 quia
370 1252 387 1288 a
411 1251 442 1288 se
465 1232 528 1308 ipso
552 1232 624 1287 niliil
647 1250 738 1309 agere
767 1242 862 1308 potest
894 1233 949 1287 nisi
975 1233 1153 1288 occasionem

166 1338 204 1376 ex
227 1321 306 1376 nobis
329 1320 483 1396 acceperit.
511 1320 577 1375 Ideo
594 1338 822 1394 atriumquemque
838 1320 981 1376 hominem
997 1321 1154 1375 secuudum

165 1408 360 1463 condicionem
385 1418 411 1464 et
434 1419 541 1463 statum
565 1425 647 1481 quem
672 1407 813 1462 invenerit
836 1407 915 1463 circa
939 1425 1004 1463 eum
1028 1408 1070 1463 sie
1089 1408 1155 1462 inde

125 1522 155 1556 ιο
165 1496 363 1573 aggredietur
379 1506 480 1550 eontra
504 1512 578 1559 eune,
602 1505 632 1549 ut
652 1504 723 1569 puta
748 1494 823 1549 inter
847 1494 1003 1550 bellatores
1026 1495 1155 1551 nascitur

166 1583 201 1638 de
234 1582 341 1638 virtute
372 1582 529 1652 contencio,
562 1581 590 1636 in
614 1581 768 1658 dignitosis
793 1582 828 1637 de
851 1582 1010 1637 arrzbicione
1035 1582 1155 1637 lirinoris

164 1670 264 1746 surgit
286 1669 406 1739 invidia,
429 1670 505 1724 inter
528 1668 632 1724 divites
655 1669 691 1724 de
713 1669 903 1743 acquisicione
917 1670 957 1746 fit
981 1669 1068 1747 ,vetus

213 1757 291 1824 Quid
324 1757 437 1811 dicam?
466 1756 541 1810 inter
564 1756 641 1831 ipsos
664 1756 825 1812 tltintelicos
848 1757 897 1831 qui
919 1768 1056 1812 exercent
1081 1775 1154 1810 vam
1171 1766 1230 1828 care
1245 1768 1282 1828 tor
1297 1768 1371 1808 nutis

166 1844 292 1899 ludibria
326 1844 362 1899 de
393 1843 463 1919 ipsis
495 1843 630 1898 ludibriis
661 1842 716 1897 sibi
746 1843 866 1899 invicem
891 1844 1099 1913 adversantur,
1124 1855 1154 1898 ut
1164 1820 1370 1916 0³322⁰ff¹a1¹lssssst

126 1940 153 1989 15
165 1932 214 2006 qui
224 1932 307 2006 peius
322 1931 484 2000 deridetur,
499 1930 602 1985 melior
611 1931 769 1985 estimetur.
796 1931 863 1986 Ideo
880 1941 907 1986 et
922 1931 1092 1986 sacerdotes
1106 1932 1156 2006 qui

164 2018 252 2093 positi
288 2029 353 2074 sunt
390 2018 430 2072 ad
467 2027 668 2073 ornamentum
704 2018 816 2092 populi,
859 2019 899 2072 ad
941 2018 1152 2094 edificacionem

165 2105 335 2175 sanctitatis,
360 2123 399 2160 ex
422 2104 483 2180 ipso
507 2104 666 2160 ministerio
690 2116 790 2159 eorum
813 2106 918 2180 accipit
942 2106 1069 2161 colorem
1094 2106 1154 2160 dia·

166 2193 247 2248 bolus
285 2204 311 2248 et
349 2191 512 2266 corrumpit
541 2192 731 2247 ministerium
765 2209 877 2262 eorum,
913 2204 943 2248 ut
975 2195 1028 2247 ltoc
1060 2192 1153 2267 ipsum

166 2281 280 2349 bonnam,
304 2280 371 2334 dum
391 2290 519 2355 propter
542 2279 670 2334 ltornines
685 2278 733 2355 fit,
748 2279 808 2354 fiat
832 2280 951 2336 malum.
976 2280 1057 2334 Tolle
1079 2298 1154 2356 ergo

124 2368 219 2423 aohoc
244 2367 347 2422 vicium
381 2367 416 2423 de
438 2366 527 2435 clero,
574 2385 608 2421 ne
638 2365 725 2420 velint
757 2365 918 2421 hominibus
951 2384 1097 2440 apparere
1127 2378 1154 2421 et

165 2455 226 2510 sine
258 2454 359 2509 labore
391 2454 486 2509 omnia
519 2453 593 2509 vicia
618 2462 796 2508 resecantur.
830 2453 882 2508 Ex
905 2453 958 2508 lioc
982 2453 1055 2508 enim
1081 2453 1154 2508 vicio

167 2541 299 2597 nascitur
322 2553 352 2596 ut
376 2559 410 2597 ne
433 2540 522 2597 velint
546 2542 620 2596 inter
642 2558 673 2595 se
697 2539 845 2595 meliorem
879 2539 986 2594 habere
1008 2540 1081 2595 sicut
1105 2559 1155 2596 nec

167 2629 249 2684 Iudei
279 2628 437 2683 Clrristtun.
468 2628 533 2683 Non
557 2627 631 2683 enim
657 2627 811 2683 nescientes
832 2645 895 2682 eum
913 2626 971 2682 Dei
976 2626 1075 2703 filium
1094 2645 1155 2683 esse

166 2716 333 2772 occiderunt
364 2716 417 2771 sed
447 2715 555 2770 habere
586 2733 649 2770 eum
674 2714 762 2770 talem
791 2733 846 2770 non
869 2715 1050 2783 sustinentes,
1082 2715 1154 2768 sicut

124 2811 154 2859 25
163 2803 321 2878 prophetat
364 2804 400 2859 de
441 2803 500 2858 illis
542 2802 695 2857 Salomon:
738 2801 844 2870 Venite,
895 2801 1155 2857 circumveniamus

166 2891 282 2961 iustum,
309 2890 442 2964 qnoniam
478 2888 587 2945 inutilis
610 2900 653 2944 est
684 2889 765 2944 uobis
799 2899 825 2944 et
856 2888 1038 2963 improperat
1075 2889 1154 2943 nobis

163 2989 284 3054 peccata
308 2977 391 3054 legis.
417 2977 468 3032 Ex
491 2978 545 3032 hoc
583 2976 656 3032 vicio
680 2976 809 3032 nascitur
833 2986 863 3030 ut
884 2975 985 3030 clerici
1002 2987 1154 3051 peccantes

167 3064 287 3141 difficile
297 3064 488 3138 penitenciam
512 3074 611 3140 agant.
637 3062 790 3118 Erubescit
813 3062 887 3117 enim
912 3063 1068 3137 aliquando
1087 3081 1154 3118 reus

168 3152 261 3207 videri
284 3151 332 3224 qni
353 3168 468 3225 semper
484 3149 590 3223 suerat
613 3151 711 3205 iudex.

125 3247 157 3295 30
211 3239 345 3294 Dilataut
377 3238 452 3293 enim
482 3237 640 3311 philateria
674 3255 725 3292 sua
759 3246 786 3291 et
810 3237 999 3313 rnagnisicant
1014 3237 1154 3313 fimbrias

168 3327 404 3382 vestimentorum
428 3342 560 3379 suorum.
586 3325 658 3378 Puto
674 3325 751 3397 quod
767 3324 886 3378 illorum
904 3336 971 3379 tunc
988 3325 1153 3379 scribarum

167 3425 194 3469 et
223 3413 430 3488 phariseorum
465 3412 600 3486 exemplo
633 3422 659 3466 et
693 3429 766 3466 nunc
799 3411 885 3466 intelti
917 3411 1014 3485 aliqua
1039 3411 1210 3478 normnafse
1225 3437 1370 3478 otamntcts.

167 3501 314 3555 Hebraico
346 3500 521 3577 angelorum
555 3498 724 3575 confingunt
755 3510 782 3553 et
804 3499 935 3554 scribunt
962 3510 989 3552 et
1017 3498 1155 3575 alligant,

166 3607 220 3663 que
243 3606 297 3642 non
314 3586 539 3664 intelligentibus
556 3586 685 3661 linguam
703 3586 881 3641 Hebraicam
905 3586 989 3660 qiiasi
1004 3585 1154 3641 ritetuenda

126 3680 155 3730 35
168 3676 310 3730 videntur.
344 3674 377 3727 Si
404 3692 477 3749 ergo
506 3692 561 3728 non
584 3683 650 3728 sunt
675 3673 775 3746 qttales
799 3673 844 3726 illi
859 3673 996 3746 suerunt,
1021 3672 1153 3745 qinoniam

164 3780 289 3837 persone
326 3780 426 3817 eorum
457 3762 492 3815 de
530 3761 636 3814 rrumdo
667 3771 855 3826 recesserunt,
887 3779 941 3813 mm
972 3778 1076 3814 mores.
1111 3759 1155 3811 Ite

168 3850 328 3904 hominibus
353 3849 446 3904 rtctstri
463 3847 603 3922 terriporis
618 3857 804 3922 exponentes,
829 3848 864 3900 de
880 3847 937 3900 illis
955 3846 1086 3901 videmur
1103 3863 1154 3900 ex-

165 3955 281 4013 ponere.
309 3936 395 4013 Ergo
419 3935 585 3990 sacerdotes
609 3952 647 3990 ex
671 3953 702 3990 eo
727 3934 803 4009 quod
828 3934 925 3988 milunt
941 3934 977 3987 ab
994 3933 1155 3987 horninibus

219 4241 238 4271 2.
263 4229 344 4272 Codd:
369 4229 451 4270 verius.
526 4227 544 4268 5.
572 4229 605 4269 A:
627 4226 753 4280 proposito
775 4225 846 4267 deest.
924 4236 951 4283 7..
967 4222 1033 4264 (Just
1054 4239 1057 4262 :
1080 4228 1152 4263 texat.

167 4284 187 4326 8.
213 4283 247 4324 A:
271 4281 392 4335 acciperit.
474 4278 709 4332 14,15.A:utqut's.
803 4276 994 4319 15.A:derrdet.
1077 4274 1152 4315 suls:

169 4339 284 4376 ornatum.
360 4345 394 4374 20.
411 4332 592 4374 Codd.:utne.
661 4341 696 4380 24.
713 4329 895 4371 multabere.
971 4339 1003 4378 25-
1022 4326 1049 4367 u:
1066 4331 1154 4367 utcum

166 4390 273 4441 peccant.
329 4383 364 4427 30.
380 4383 551 4436 A:jimbriam.
612 4382 643 4424 2³2.
661 4384 693 4423 A:
710 4386 814 4424 utnnnc.
870 4379 904 4429 34.
922 4381 952 4420 A:
969 4379 1084 4432 quianon

222 4496 261 4543 23.
282 4495 341 4557 Sap.
362 4493 392 4548 11,
416 4506 454 4541 12.
