3098 5130
167 462 234 507 cnr.
254 450 351 534 xxm]
464 468 509 518 ore
530 464 768 518 nurtcnnrsro
789 467 852 517 mn.
872 465 890 516 1.

168 631 355 688 Postmodum
384 648 524 687 converse
549 640 615 686 sunt
642 641 744 709 gentes
772 629 894 705 quedam
919 630 959 684 od
990 628 1151 698 Christum,

166 729 364 775 surrexerunt
383 717 495 795 perfidi
514 718 601 775 Judei
623 728 691 793 post
718 717 867 773 Christum
896 717 1041 773 aduersus
1068 715 1153 772 Chri-

166 807 275 863 stianos
292 806 384 881 ipsam
402 806 538 862 habentes
553 805 788 884 generacionem,
803 814 942 880 quantum
958 803 999 859 ad
1013 803 1151 873 animam,

167 912 252 968 quam
288 894 451 949 habuerunt
481 905 584 969 gentes
620 893 670 948 ille
701 910 755 967 que
783 892 870 967 prius
902 890 1154 967 persequebantur

142 980 283 1056 SJudeos,
301 980 405 1036 deinde
426 980 551 1057 gentiles
576 981 691 1057 quidem
715 978 921 1050 crediderunt,
943 995 1042 1034 omnes
1057 987 1152 1033 autem

165 1067 252 1124 Judei
274 1068 454 1141 defecerunt,
478 1069 528 1142 qui
548 1067 799 1143 persequebantur
821 1066 982 1123 ecclesiam.
1016 1065 1068 1120 Eu
1090 1065 1154 1139 ipsa

167 1155 286 1211 ecclesia
309 1167 507 1211 surrexerunt
523 1155 642 1211 heretici
662 1154 712 1229 qui
727 1153 977 1228 persequebantur
992 1151 1153 1221 ecclesiam,

166 1242 220 1298 sed
241 1241 399 1320 generacio
415 1241 479 1317 ipsa
501 1253 570 1303 stat.
586 1242 664 1299 Ecce
685 1240 773 1296 Judei
788 1251 814 1297 et
837 1252 939 1318 gentes
951 1252 1155 1316 persecutores

167 1330 347 1385 transierunt
370 1329 423 1385 sed
445 1329 604 1406 generacio
626 1329 691 1404 ipsa
712 1338 780 1384 stet.
807 1329 883 1384 Nam
901 1328 938 1383 de
958 1327 1155 1404 generatione

127 1417 325 1472 roludeorum
350 1426 377 1471 et
399 1415 552 1493 gentilium
575 1427 641 1472 sunt
664 1415 785 1471 heretici
807 1415 864 1470 isti.
900 1414 981 1470 Unde
1008 1426 1035 1470 et
1058 1430 1155 1469 mores

167 1515 194 1560 et
228 1503 387 1581 perfidiam
425 1515 585 1577 sequuntur
622 1521 734 1573 eorum,
774 1502 848 1558 sicut
887 1501 1017 1558 diximus
1052 1518 1153 1576 supra.

169 1590 357 1647 Postmodum
374 1601 401 1646 et
411 1590 533 1648 heretici
546 1602 613 1646 sunt
629 1589 793 1661 transituri,
806 1601 836 1644 ut
852 1607 907 1644 non
923 1588 980 1645 sint
994 1588 1153 1645 secundum

166 1679 347 1753 quodmodo
370 1695 432 1734 esse
455 1678 600 1748 videntur,
625 1689 651 1734 et
666 1677 771 1752 futuri
791 1687 857 1733 sunt
872 1676 997 1753 gentiles
1012 1685 1040 1731 et
1051 1674 1156 1751 populi

167 1765 348 1820 Antichristi.
391 1764 430 1820 Et
467 1765 685 1821 transeuntibus
723 1763 785 1821 istis
815 1763 973 1841 generacio
1011 1763 1153 1820 iustorum

127 1852 254 1908 ristabit
277 1852 388 1908 inillis.
413 1851 460 1908 De
479 1853 673 1930 generacione
696 1853 770 1907 enim
787 1851 930 1908 iustorum
954 1860 1040 1906 erunt
1063 1849 1153 1906 eciam

167 1939 212 1994 illi
247 1939 296 2015 qui
319 1941 463 2015 suerunt;
500 1951 527 1996 et
564 1940 702 2015 impletur
734 1939 812 2015 qnod
849 1939 957 1995 dietum
990 1948 1050 1996 est:
1088 1937 1154 1993 Non

152 2023 302 2082 'transibit
329 2027 486 2103 generacio
514 2027 579 2097 ista,
610 2027 699 2082 donec
727 2026 823 2082 omnia
842 2025 932 2101 fiunt.
967 2027 1030 2081 Hec
1054 2023 1154 2080 Criso·

168 2126 295 2170 stomus.

526 2301 632 2365 CAP.
656 2300 798 2364 XXIV.

123 2463 157 2497 20
212 2446 354 2521 Sequitur
391 2445 421 2502 iu
454 2459 535 2503 textu
568 2445 728 2520 evangelii:
771 2445 946 2518 Jerusalem,
978 2444 1153 2513 Jerusalem,

167 2553 221 2609 que
253 2535 359 2591 occidis
388 2535 550 2610 prophetas
582 2544 609 2590 et
642 2533 757 2608 lapidas
789 2550 838 2589 eos
865 2533 914 2606 qui
945 2532 985 2586 od
1016 2542 1043 2587 te
1075 2530 1156 2587 missi

166 2633 249 2677 sunt:
265 2622 399 2697 quociens
416 2621 496 2677 uolui
518 2638 706 2698 congregare
713 2619 798 2697 filios
820 2632 894 2690 tuos,
911 2618 1153 2694 quemadmodum

167 2708 281 2786 gallina
309 2718 475 2786 congregat
493 2708 593 2783 pullos
619 2726 687 2764 suos
708 2707 761 2764 sub
784 2707 849 2763 alas
870 2724 939 2763 suas
966 2715 993 2761 et
1016 2704 1155 2761 noluisti?

169 2796 246 2851 Ecce
268 2795 448 2870 relinquetur
471 2795 549 2850 uobis
573 2795 676 2852 domus
699 2805 797 2851 uestra
821 2794 947 2850 deserta.
983 2792 1057 2849 Dico
1080 2792 1154 2848 enim

125 2883 157 2932 25
170 2883 262 2939 uobis:
288 2884 353 2938 Non
370 2901 416 2938 me
440 2882 571 2938 videbitis
593 2884 710 2953 atnodo,
734 2883 825 2938 donec
848 2880 966 2937 dicatis:
980 2879 1155 2935 Benedictus

169 2971 218 3043 qui
240 2970 315 3026 uenit
337 2970 365 3024 in
390 2970 503 3025 nomine
525 2969 654 3025 Domini.

213 3059 309 3130 Super
333 3075 394 3132 quo
409 3059 602 3130 leronymus:
625 3056 800 3126 Jerusalem,
821 3073 876 3110 non
892 3072 968 3110 saxo
992 3065 1019 3110 et
1042 3052 1155 3131 edificia

168 3144 292 3200 ciuitatis
333 3144 386 3200 sed
427 3144 605 3200 habitatores
643 3154 725 3198 uocat
766 3161 852 3219 quam
899 3141 997 3217 patris
1036 3140 1155 3218 plangit

168 3232 291 3307 affectu,
307 3232 380 3287 sicut
391 3242 418 3287 et
428 3230 455 3286 in
471 3232 529 3286 alio
542 3231 604 3288 loco
615 3230 741 3308 legimus
756 3229 833 3305 quod
843 3229 943 3286 videns
953 3247 1016 3285 eam
1025 3227 1155 3304 fleverit.

126 3320 201 3374 toln
238 3336 271 3374 eo
303 3329 398 3375 autem
436 3319 513 3393 quod
547 3317 631 3374 dicit:
672 3317 815 3384 Quociens
847 3316 927 3372 uolui
966 3333 1157 3391 congregare

161 3404 245 3482 filios
261 3417 334 3477 tuos,
356 3424 454 3462 omnes
471 3415 552 3461 retro
570 3405 765 3481 prophetase
781 3422 812 3460 se
826 3403 929 3459 missos
945 3421 1007 3459 esse
1021 3412 1156 3472 testatur,

167 3493 279 3571 galline
301 3510 411 3568 quoque
436 3491 653 3548 similitudinem
678 3490 890 3569 congregantis
904 3490 956 3546 sub
979 3489 1036 3545 alis
1056 3487 1156 3564 pullos

168 3599 253 3648 suos;
279 3591 306 3635 et
333 3580 362 3634 in
390 3579 509 3636 Contico
533 3578 756 3636 Deuteronomii
782 3578 923 3655 legimus:
956 3577 1035 3632 Sicut
1058 3575 1155 3650 aquila

166 3667 298 3744 protegit
330 3667 429 3722 nidum
457 3685 539 3722 sunm
568 3677 595 3722 et
621 3684 711 3741 super
739 3665 839 3740 pullos
866 3682 934 3721 suos
967 3662 1155 3730 desiderauit,

127 3753 339 3828 35eupandens
362 3755 426 3810 alas
448 3773 527 3824 suas,
556 3753 681 3829 suscepit
704 3763 731 3809 et
755 3752 819 3807 tulit
842 3769 931 3827 super
950 3768 1062 3826 pennas
1078 3767 1154 3804 suas.

170 3841 247 3896 Ecce
271 3841 450 3916 relinquetur
475 3841 554 3896 uobis
577 3842 681 3897 domus
698 3850 794 3896 vestra
820 3839 946 3898 deserta.
971 3837 1037 3893 Hoc
1061 3837 1154 3911 ipsum

169 3940 195 3983 et
220 3945 258 3983 ex
277 3947 405 4003 persona
426 3928 551 3984 Jeremie
574 3928 631 3983 iam
655 3938 721 3983 ante
745 3926 877 3982 dixerat:
900 3924 1016 4000 Reliqui
1038 3924 1154 3979 domum

222 4218 243 4261 o.
259 4221 293 4262 A:
307 4218 370 4274 quia.
412 4217 474 4272 8-9.
489 4219 523 4260 A:
539 4216 682 4259 Ecce-stat
696 4215 767 4258 deest.
809 4227 841 4260 ro.
856 4214 887 4258 B:
902 4214 1005 4269 ipsorum
1019 4209 1154 4256 ludeorum.

224 4359 264 4393 20.
284 4343 373 4394 Mutrh.
392 4343 480 4404 XXlll,
501 4344 611 4408 37-39.
653 4356 694 4406 27.
714 4342 818 4390 Comm.
837 4341 863 4389 in
884 4337 973 4388 Manu.
992 4338 1009 4386 l.
1022 4352 1044 4386 c.
1057 4352 1082 4401 p.
1100 4349 1155 4401 ¹9¹·

172 4416 211 4461 28.
234 4416 320 4463 Lucae
339 4415 404 4472 XIX,
424 4412 449 4461 st.
487 4414 527 4464 33.
549 4414 623 4461 Dent.
638 4411 739 4473 xxxu,
762 4427 800 4459 11.
839 4411 879 4474 37.
892 4411 987 4458 berem.
1005 4407 1059 4468 ΧΗ,
1079 4403 1156 4471 7-8.

1213 3071 1318 3115 leronte:

1204 3124 1331 3168 Jerusalem

1179 3178 1261 3219 stands
1275 3177 1313 3219 ior
1327 3177 1357 3219 its

1192 3230 1345 3272 inhabitants.
