3098 5130
106 475 176 517 ιιι.
193 460 267 541 xiv-l
391 478 436 527 ne
457 476 693 527 nu'ncutusro
715 476 778 524 ιιιι.
801 479 815 523 ι.

153 640 188 693 lit
223 638 302 693 idem
336 637 454 693 ridetur
488 638 524 693 de
557 635 705 711 episcopis
740 635 861 692 cesariis
885 636 1097 703 senciendurn;

108 745 178 781 nam
220 738 369 799 quantum
409 726 446 780 ad
485 738 708 782 sacramentum
750 722 995 780 confirmacionis
1028 742 1095 780 cunr

107 826 299 870 sacramento
338 811 453 868 ordinis
491 826 520 868 et
544 811 789 868 benediccionem
830 810 989 880 crismatis,
1029 831 1096 868 cum

108 899 243 956 ecclesiis
267 899 444 956 dedicandis
468 912 495 955 et
519 899 605 956 iactis
621 898 770 955 similibus
787 917 845 972 que
862 897 1099 972 appropriantur

82 985 268 1061 §episcopis
292 986 411 1043 ridetur
443 989 524 1062 quod
550 985 687 1043 Christus
711 985 1003 1060 perpendiculariter
1027 985 1098 1042 resi-

108 1077 182 1131 dens
206 1075 236 1130 in
261 1073 332 1130 celis
356 1093 446 1149 super
469 1073 564 1131 iustos
590 1076 782 1148 presbyteros
807 1075 891 1129 daret
916 1072 974 1130 illis
998 1087 1097 1146 potes-

108 1176 200 1219 tatem
236 1161 363 1218 faciendi
387 1163 469 1233 talia,
503 1162 670 1218 dummodo
699 1160 757 1216 sint
782 1154 953 1218 necessaria
975 1160 1098 1216 ecclesie

109 1248 261 1309 militanti.
297 1248 434 1306 Christus
467 1248 546 1305 enim
580 1249 733 1322 exemplar
767 1247 864 1304 tocius
889 1246 1014 1304 ecclesie
1037 1266 1097 1303 non

110 1336 165 1392 iuit
188 1355 315 1410 persona
332 1355 386 1392 sua
408 1335 508 1393 taliter
532 1335 729 1393 confirmatus
752 1353 807 1391 nec
828 1334 858 1391 in
875 1333 1027 1409 baptismo
1044 1354 1098 1391 suo

67 1423 219 1481 rocrisma
244 1423 417 1480 huiusmodi
451 1424 503 1479 sed
527 1443 637 1498 aquam
664 1422 832 1497 simplicem
863 1420 1020 1496 exquisivit
1043 1441 1098 1478 nec

109 1510 151 1567 sic
190 1510 339 1567 dedicarit
368 1510 521 1580 ecclesias,
560 1513 611 1567 sed
652 1509 786 1584 episcopi
826 1510 883 1566 hoc
911 1507 1036 1583 capiunt
1064 1527 1097 1565 ex

108 1597 253 1672 singulari
286 1616 378 1673 opere
411 1597 595 1668 Salomonis,
629 1596 723 1654 etsie
748 1595 1096 1654 difficultaturecclesia

109 1684 273 1741 infideliter
296 1699 421 1760 propter
444 1684 753 1759 solempnizacionem
778 1684 846 1742 talis
869 1682 1096 1741 consuetudinis

109 1771 290 1829 introducte.

68 1938 96 1987 ¹5
482 1943 587 2006 CAP.
612 1942 713 2005 XIV.

151 2085 298 2157 Quintum
323 2089 365 2142 Ve
389 2086 526 2160 sequitur
549 2086 579 2142 in
604 2086 660 2143 hac
684 2086 796 2143 forma:
836 2087 874 2141 Ve
898 2086 977 2141 vobis
999 2086 1094 2141 scribe
1130 2091 1277 2135 Ftnuwoe.

107 2184 134 2229 et
154 2174 287 2249 pharisei
303 2175 444 2254 ypocrita
467 2174 516 2249 qui
538 2173 687 2229 decimatis
711 2184 837 2229 mentam
862 2184 888 2228 et
911 2172 1046 2228 anethum
1070 2183 1097 2228 et

108 2261 242 2316 ciminum
267 2272 294 2316 et
318 2261 479 2336 relinquitis
503 2279 556 2335 que
577 2260 722 2337 graviora
751 2271 817 2315 sunt
841 2259 925 2336 legis,
950 2259 1095 2328 iudicium,

108 2348 340 2404 misericordiam
365 2361 392 2404 et
405 2348 509 2425 fidem.
545 2348 608 2403 Hec
631 2347 766 2422 oportuit
776 2348 885 2421 facere
917 2357 943 2401 et
967 2346 1019 2401 iiia
1040 2365 1095 2401 non

42 2448 79 2508 ιιι·
108 2436 251 2493 omittere.
287 2434 517 2509 Exposicionem
552 2446 652 2490 autem
674 2429 678 2509 Ι
700 2434 787 2489 huius
820 2446 915 2489 textus
945 2431 1094 2488 Crisosto-
1118 2420 1294 2519 ξὲῇζῗζζῑξῃᾞν

110 2541 174 2578 mus
199 2522 305 2578 diffuse
337 2522 538 2597 prosequitur.
576 2521 731 2592 Quoniam,
777 2519 883 2594 inquit.
930 2519 1094 2576 scribarum
1106 2525 1133 2568 be
1147 2525 1253 2586 eirtrerro
1268 2522 1312 2581 p'ay

108 2620 135 2664 et
177 2610 384 2685 phariseorum
426 2611 465 2664 ad
507 2628 578 2683 qtros
623 2609 794 2683 loquebatur
840 2607 957 2682 quidam
1012 2619 1096 2662 erant
1137 2590 1164 2620 ⁰¹
1180 2590 1274 2621 recena.

107 2697 283 2756 sacerdotes.
329 2698 445 2771 qnidam
484 2707 579 2751 autern
620 2695 789 2771 populares,
831 2712 886 2750 non
918 2705 961 2749 est
997 2694 1093 2749 incon·

107 2802 217 2860 gruum
235 2796 264 2840 ut
281 2785 410 2860 duplices
433 2784 518 2839 huius
534 2783 591 2839 loci
605 2783 757 2856 faciainus
773 2781 959 2839 tradiciones.
984 2791 1014 2835 ut
1038 2800 1094 2835 una

65 2871 221 2944 25quidem
243 2872 389 2946 pertineat
421 2872 461 2925 ad
480 2871 641 2946 populares
663 2870 714 2945 qui
736 2869 863 2925 declinas
887 2869 966 2939 dant,
999 2868 1093 2924 altera

107 2969 202 3013 autem
226 2960 265 3014 ad
287 2960 454 3014 sacerdotes
486 2957 535 3031 qni
557 2957 684 3012 decimas
706 2956 859 3031 accipiunt.
895 2954 1011 3010 Etenim
1035 2955 1095 3030 ipse

108 3061 204 3100 sermo
237 3047 340 3101 dubius
373 3056 416 3101 est
446 3046 495 3119 qni
526 3044 647 3099 dieitur:
687 3043 724 3099 l'e
756 3043 836 3098 vobis
863 3042 912 3116 qui
934 3041 1093 3097 decimatis.

109 3131 184 3187 Nam
218 3143 243 3188 et
278 3134 327 3208 qui
359 3132 463 3206 accipit
496 3131 622 3186 decimas
658 3142 736 3186 recte
759 3130 905 3185 decimare
930 3129 1044 3184 videtur
1067 3141 1094 3184 et

108 3220 157 3292 qui
179 3221 237 3274 dat.
263 3220 363 3274 Scribe
386 3237 460 3295 ergo
484 3230 511 3274 et
523 3218 657 3293 plrarisei
676 3217 853 3272 minutorum
880 3217 991 3272 olerum
1017 3216 1092 3270 deci·
1112 3220 1163 3280 Tne
1178 3220 1297 3292 turinnes

65 3307 171 3362 liornas
202 3307 319 3372 dabant,
352 3318 381 3360 ut
410 3324 467 3381 per
499 3307 552 3361 boc
586 3305 713 3360 videntes
745 3322 793 3360 eos
826 3303 953 3359 dicerent
977 3273 1312 3380 onrnesnsiiidsfflhfffm‘sssss

107 3394 197 3449 Putas
220 3394 363 3468 ptionrndn
380 3393 505 3448 omnium
528 3410 627 3447 rerum
644 3410 764 3447 suarum
782 3390 909 3448 decimas
932 3391 1021 3464 offere
1037 3409 1092 3445 non
1180 3376 1233 3427 iffi

103 3481 332 3555 pretermittant,
365 3491 396 3534 ut
428 3481 516 3535 eciam
542 3478 796 3554 contemptibilium
821 3478 932 3533 olerum
966 3478 1093 3533 decimas

108 3569 181 3623 dare
213 3587 267 3623 non
301 3567 465 3645 negligant.
502 3568 590 3621 Putas
628 3566 771 3640 quomodo
809 3565 966 3620 secundum
996 3563 1091 3618 omnia

104 3667 243 3730 precepta
277 3655 336 3710 rita
360 3673 459 3710 eornm
493 3665 533 3709 est
557 3664 765 3716 consummata,
794 3663 824 3706 ut
847 3668 897 3706 nec
921 3651 948 3705 in
973 3651 1094 3705 modicis

65 3739 152 3798 35tn's
175 3743 329 3819 negligere
352 3743 562 3816 uthniescant?
599 3741 684 3807 Quod
708 3758 762 3794 non
786 3751 850 3794 erat
881 3756 997 3797 uerum,¹
1026 3755 1092 3791 narn

158 4069 174 4100 t.
189 4059 210 4099 Α
226 4058 248 4100 iu
264 4068 384 4111 mergae.
453 4055 655 4109 7.A:cumsiut.
720 4056 916 4107 sunzoportet.
949 4051 1090 4112 ..simin

106 4122 192 4161 mara:
210 4110 374 4152 Crisostomns.
447 4108 480 4150 28,
501 4108 529 4150 ll:
546 4107 665 4150 decimare
677 4106 772 4148 dicitur.
846 4116 882 4158 ²9·
898 4105 927 4146 B:
943 4104 1090 4145 inimicorum

105 4163 214 4205 omnium.
273 4162 307 4204 28.
323 4163 344 4203 A
359 4161 381 4203 in
398 4173 485 4213 marg:
503 4160 635 4203 Decimacr'o
650 4158 743 4214 duplex.
815 4154 850 4199 30.
866 4157 894 4199 B:
911 4156 990 4199 dicere
1004 4167 1089 4198 omncs.

107 4214 138 4257 le.
155 4217 187 4257 A:
204 4227 249 4257 non
262 4214 414 4268 permittunt;
429 4215 461 4255 A:
477 4218 511 4255 est
525 4218 561 4262 et,·
575 4212 605 4254 ib.
623 4212 646 4253 tt.
662 4209 851 4264 contemptibilia.

164 4338 201 4388 to.
222 4339 310 4388 ttanh.
331 4338 442 4399 textuit,
463 4341 504 4388 23.
591 4352 631 4385 21.
651 4336 703 4401 Op.
723 4336 787 4398 lmp.
808 4335 823 4382 l.
843 4350 865 4383 c.
885 4350 909 4398 p.
930 4332 1090 4382 ctaxxttt

108 4411 160 4469 (ed.
181 4410 224 4457 alt.
244 4425 268 4473 p.
288 4410 358 4474 [regri.

971 4505 989 4550 4
