3098 5130
169 461 235 504 cin.
256 445 297 533 vl
437 467 480 516 oe
502 466 739 516 xuucurusro
760 467 823 515 riu.
843 466 871 515 11.

170 626 262 682 nichil
287 627 357 682 fecit
382 645 414 682 ex
440 625 648 683 indifferencia
665 628 716 682 sed
734 626 838 683 omnia
855 627 1004 701 probabili
1022 627 1152 683 racione.

168 714 286 769 videtur
302 715 383 787 quod
409 713 439 769 in
457 716 545 770 Petro
569 713 624 770 fuit
649 732 702 787 pre
726 713 834 770 ceteris
851 715 996 787 apostolis
1020 716 1150 788 quedam

170 800 310 874 prioritas
343 800 513 874 dignitatis:
553 804 604 857 sed
639 801 803 857 hereticum
840 801 958 857 videtur
982 802 1092 857 sentire
1116 804 1152 858 de

169 892 257 945 Petro
271 890 351 962 quod
370 888 420 944 illa
438 888 579 962 prioritas
597 887 652 943 fuit
669 887 800 961 dignitas
825 889 978 951 secularis,
1003 888 1046 945 sic
1071 892 1151 963 quod

143 974 220 1031 §illo
244 975 332 1032 titulo
356 976 462 1031 Petrus
492 989 520 1031 et
544 994 732 1032 successores
762 975 806 1031 sui
831 975 941 1049 singuli
967 976 1040 1032 fiant
1065 995 1152 1050 pape,

168 1081 235 1119 cum
261 1062 397 1119 Christus
427 1063 471 1142 tin
496 1082 556 1138 quo
586 1082 645 1118 non
670 1076 739 1118 sunt
764 1074 805 1118 est
830 1074 856 1118 et
879 1070 946 1131 uon)
978 1064 1065 1120 docet
1089 1078 1150 1119 tam

169 1151 273 1206 crebro
290 1149 319 1205 in
337 1151 493 1223 exangelio
510 1151 590 1224 quod
610 1150 766 1207 maioritas
783 1149 861 1206 inter
878 1149 1043 1224 discipulos
1060 1169 1150 1223 quam

169 1237 231 1310 ipse
255 1236 449 1311 appreciatur
485 1236 651 1294 attenditur
685 1255 775 1311 penes
801 1236 1004 1293 maioritatem
1030 1237 1152 1293 humilis

168 1323 329 1391 servitutis,
355 1337 387 1380 ut
411 1338 493 1398 patet
518 1325 643 1381 blattbei
668 1325 769 1400 XVlll,
795 1325 873 1380 Luce
897 1325 984 1400 xxii,
1011 1325 1103 1380 Marci
1129 1325 1153 1380 X

127 1424 196 1467 roet
219 1430 290 1484 sepe
322 1411 403 1467 alibi.
441 1411 519 1482 Quia
554 1430 625 1485 ergo
649 1412 787 1467 Christus
811 1410 897 1467 scivit
922 1413 1042 1468 Petrum
1069 1410 1153 1467 habi-

168 1511 267 1554 turum
316 1500 469 1572 quandam
514 1498 737 1572 prerogativam
775 1497 925 1554 servitutis
967 1498 1088 1554 humilis
1121 1499 1151 1554 in

168 1585 295 1642 ecclesia
321 1586 479 1651 militante,
505 1585 572 1642 ideo
597 1586 641 1641 rel
666 1598 792 1660 propter
808 1603 930 1642 causam
957 1585 1046 1642 aliam
1065 1585 1152 1642 nobis

167 1672 353 1745 incognitam
393 1672 505 1747 incepit
538 1693 554 1729 a
581 1676 669 1730 Petro
703 1672 789 1729 istam
817 1671 960 1728 humilem
991 1672 1152 1729 locionem.

167 1760 202 1814 Et
236 1759 313 1817 istud
344 1759 461 1816 ridetur
494 1762 680 1817 concordare
712 1778 780 1816 cum
816 1759 1013 1833 responsione
1047 1759 1151 1816 bumili

127 1853 257 1922 tiquam
282 1849 333 1903 dat
359 1850 476 1903 Petrus:
516 1848 597 1917 Quis,
627 1847 725 1921 inquit
750 1847 944 1921 Augustinus.
983 1866 1038 1902 non
1062 1866 1154 1923 crpo-

167 1946 294 1991 resceret
318 1935 416 1990 levari
437 1934 492 1990 sibi
510 1936 601 2009 pedes
624 1954 641 1989 a
665 1935 723 1990 Dei
736 1934 828 2010 filioi’
865 1935 1015 2003 Quamvis,
1044 1934 1152 2009 inquit,

166 2039 273 2099 ariagne
308 2023 419 2097 fuisset
459 2022 581 2077 atcdocie
617 2021 819 2077 contradicere
861 2040 977 2077 servum
1026 2023 1152 2089 domino,

166 2109 399 2175 inminentia,
424 2121 519 2164 taurea
543 2109 594 2164 hec
612 2110 715 2165 Petrus
729 2110 838 2183 secere
859 2108 961 2163 ntalttit
976 2127 1061 2182 qttam
1083 2128 1152 2184 per-

162 2196 232 2271 peti,
261 2207 292 2251 nt
314 2196 369 2252 silri
386 2197 476 2270 pedes
500 2196 672 2251 lavarentur
694 2214 711 2250 a
737 2196 863 2249 Dnrrtino
887 2207 913 2250 et
938 2195 1011 2252 Deo.
1051 2198 1087 2251 Et
1110 2195 1152 2251 sic

123 2304 155 2337 20
166 2282 323 2355 probabile
346 2283 465 2338 ridetur
489 2282 628 2339 lidclibus
645 2284 725 2356 quod
750 2296 859 2338 cuncta
883 2281 1056 2355 preposicio
1073 2282 1151 2338 Petri

166 2388 218 2444 pre
254 2369 321 2426 aliis
356 2388 466 2426 sonans
499 2370 529 2425 in
555 2373 666 2426 bonum
692 2369 791 2442 signat
812 2369 841 2424 in
867 2368 918 2424 illo
949 2367 1151 2425 maioritatem

167 2456 345 2513 humilitatis
369 2470 397 2512 et
421 2456 597 2514 obediencie
622 2475 654 2512 ex
685 2455 855 2513 niaioritate
880 2455 1004 2512 ferroris
1028 2456 1096 2512 fidei
1122 2455 1151 2513 in

166 2544 218 2601 illo
242 2562 275 2600 ex
294 2544 347 2600 llei
372 2544 474 2617 gracia
491 2543 651 2600 rutilantis.
680 2545 749 2599 ldeo
771 2542 861 2598 nimis
878 2543 1010 2599 heretica
1034 2543 1151 2599 ridetur

166 2631 222 2687 ista
247 2631 442 2706 presumpcio
475 2634 556 2705 quod
582 2650 616 2687 ex
641 2631 697 2687 isto
722 2644 800 2687 textu
825 2630 870 2686 rel
894 2629 955 2687 alio
978 2630 1151 2704 evangelico

123 2718 275 2792 aialiquis
309 2719 402 2774 bomo
435 2719 538 2774 fundet
571 2719 651 2791 quod
685 2717 794 2793 aliquis
827 2720 934 2773 debeat
969 2736 1033 2773 esse
1062 2736 1151 2791 papa,

166 2824 234 2862 cum
264 2804 436 2880 preposicio
460 2806 540 2861 Petri
563 2819 622 2862 stat
647 2806 676 2861 in
702 2802 874 2860 maioritate
899 2803 1088 2874 humilitatis,
1122 2803 1151 2861 in

167 2891 338 2948 maioritare
355 2892 543 2967 paupertatis
568 2907 595 2949 et
620 2893 649 2947 in
676 2892 849 2949 maioritate
873 2890 1050 2948 obediencie
1075 2892 1152 2949 facte

166 2979 295 3038 Christo.
320 2982 356 3035 Er
374 2979 451 3036 istud
475 2980 658 3037 confitentur
680 2979 774 3035 nostri
793 2977 1038 3053 religiosiusque
1063 2979 1151 3035 bodie

165 3068 356 3123 verbotenus.

123 3162 155 3211 30
210 3155 296 3211 Unde
312 3153 435 3228 quidam
454 3152 612 3226 postillans
629 3154 754 3228 loquens
780 3151 826 3208 bic
844 3151 957 3209 ironice
974 3152 1046 3210 dicit
1070 3155 1151 3228 quod

165 3259 244 3314 papa
268 3260 329 3297 non
354 3242 442 3297 babet
460 3240 507 3297 bic
524 3241 623 3296 locum
642 3241 680 3296 ab
696 3238 878 3297 auctoritate
902 3240 1047 3296 fundandi
1072 3241 1151 3297 hunc

165 3341 277 3384 statum
311 3327 460 3384 cesarium
495 3327 553 3383 nisi
587 3328 664 3384 forte
697 3345 730 3383 ex
758 3326 857 3384 stultis
881 3326 979 3383 verbis
1003 3327 1082 3384 Petri
1107 3346 1151 3384 se-

166 3414 327 3489 quentibus
344 3417 466 3489 quando
491 3414 580 3472 dixit:
605 3415 731 3471 Domine
746 3433 802 3469 non
819 3415 930 3470 lavabis
954 3414 1043 3470 michi
1060 3416 1152 3489 pedes

165 3503 193 3557 in
216 3513 356 3558 eternrun.
391 3503 522 3572 Quando
555 3501 634 3558 enim
659 3520 788 3575 persona
818 3501 920 3575 aliqua
945 3519 1082 3574 expresse
1106 3504 1151 3558 vel

123 3593 153 3644 35
165 3589 257 3646 tacite
273 3588 388 3663 aspirat
405 3591 441 3645 ad
465 3588 638 3646 huiusmodi
661 3587 850 3662 dignitatem,
875 3607 935 3644 non
954 3590 1043 3645 babet
1061 3590 1151 3662 pedes

166 3676 275 3732 mentis
298 3676 377 3733 lotos
401 3695 417 3732 a
443 3676 520 3733 fastu
547 3676 649 3732 mundi
676 3689 703 3735 et
728 3675 872 3749 cupidine
895 3689 1098 3743 terrenorum,
1122 3690 1150 3731 et

166 3782 233 3820 cum
268 3762 463 3820 continuacio
499 3763 528 3819 in
562 3765 618 3819 hoc
651 3776 732 3819 statu
764 3762 878 3819 stabilit
902 3781 1013 3836 papam
1039 3761 1068 3817 in
1095 3762 1150 3819 ista

165 3850 317 3925 cupidine,
342 3849 459 3906 videtur
475 3851 556 3924 quod
574 3869 653 3924 papa
670 3849 802 3906 verificat
827 3852 864 3906 de
888 3868 919 3905 se
936 3849 1001 3923 ipso
1025 3851 1148 3906 verbum

166 3937 244 3994 Petri
280 3957 341 4013 quo
380 3937 453 3993 dixit
476 3937 622 3994 Domino:
662 3938 728 3993 Non
757 3937 868 3993 lavabis
902 3937 991 3993 michi
1008 3938 1099 4012 pedes
1122 3937 1150 3992 in

217 4227 249 4271 25.
278 4231 311 4270 A:
331 4226 422 4283 suadet
442 4226 578 4270 ...debet
658 4228 694 4269 ab.
715 4228 749 4269 A:
774 4227 797 4269 tir
816 4225 881 4270 deest
903 4226 982 4268 before
1006 4225 1147 4269 maloritate.

163 4292 197 4332 27.
215 4282 248 4323 A:
263 4285 340 4323 autem
352 4280 509 4334 paupertatis.

221 4406 258 4456 15.
278 4408 294 4456 l.
314 4421 335 4454 c.
355 4420 414 4471 pag.
433 4404 493 4455 1355.
567 4407 607 4458 33.
625 4404 685 4455 loli.
704 4406 771 4469 Xlll,
789 4404 815 4454 8.

1213 901 1254 960 but
1269 901 1317 943 tbat

1184 965 1288 1008 prrmacy
1302 965 1351 995 was

1190 1013 1230 1047 not
1245 1006 1342 1049 seculae.

1210 3162 1316 3205 Satirical

1185 3215 1277 3258 remark
1292 3218 1315 3258 ot
1330 3229 1342 3256 a

1175 3274 1351 3310 commentator.
