3098 5130
209 495 276 541 car.
293 482 368 566 xvi]
486 500 530 550 ne
550 500 787 551 unricuatsro
808 501 871 550 tin.
892 500 909 549 t.

589 693 695 758 CAP.
718 693 820 757 XVI.

215 847 218 853 '
255 841 424 914 Septimum
448 841 492 895 Ve
515 839 651 913 sequitur
675 838 706 895 in
731 840 786 896 hac
810 840 922 895 forma:
953 838 992 894 Ve
1008 837 1089 894 uobis
1104 837 1200 892 scribe
1218 846 1319 890 Serenus
1336 843 1403 887 woe.

211 941 238 984 et
257 927 390 1002 pharisei
406 928 557 1006 ypocrita
587 927 638 1002 qui
663 926 773 983 similes
801 926 869 982 estis
891 926 1034 1001 sepulcris
1058 924 1200 980 dealbatis
1261 898 1364 940 terame:

212 1034 265 1089 qne
288 1015 390 1089 afforis
412 1026 557 1090 apparent
580 1013 741 1070 hontinibns
764 1013 904 1089 speciosa,
938 1013 1014 1068 intus
1043 1030 1112 1068 nero
1135 1022 1200 1067 sunt

189 1103 296 1177 5plena
321 1103 432 1158 ossibus
455 1112 638 1158 mortuorum
663 1113 690 1156 et
713 1101 839 1157 omnium
855 1100 1010 1176 spurcicia.
1036 1100 1084 1156 Sic
1107 1110 1133 1154 et
1150 1117 1201 1154 vos

213 1190 326 1264 quidem
351 1188 454 1264 afforis
476 1189 627 1265 apparetis
642 1189 804 1245 hominibus
820 1188 898 1260 iusti,
921 1188 997 1243 intus
1011 1197 1107 1242 autent
1121 1185 1203 1260 pleni

213 1277 282 1333 estis
300 1276 443 1355 ypocrisi
464 1288 492 1333 et
515 1276 671 1350 iniquitate.

258 1366 356 1437 Super
379 1382 440 1437 quo
464 1366 658 1437 leronymus:
693 1363 780 1431 Quod
802 1363 830 1418 in
865 1362 956 1419 calice
987 1372 1014 1416 et
1043 1359 1202 1436 perapside
1241 1366 1301 1409 This
1315 1372 1354 1409 too
1368 1365 1389 1408 is

215 1453 407 1522 demonstrat,
431 1469 464 1506 eo
482 1451 562 1526 qnod
571 1451 654 1525 soris
676 1450 730 1506 loti
747 1459 840 1506 essent
858 1462 886 1505 et
909 1450 985 1505 intus
999 1447 1124 1519 sordidi,
1148 1447 1202 1503 hoc
1247 1418 1384 1525 dfflissffd

178 1558 290 1596 ronunc
310 1556 368 1614 per
390 1539 556 1614 exentplnm
581 1537 704 1614 replicat
730 1538 934 1612 sepulcrorum
958 1535 1036 1611 quod
1058 1534 1202 1611 quomodo
1246 1523 1386 1580 hypocritas.

217 1645 272 1682 non
294 1626 402 1701 pulcra
410 1625 581 1701 forinsecus
597 1625 726 1702 levigata
753 1636 820 1680 sunt
843 1624 973 1681 calceet
996 1634 1100 1679 ornata
1123 1640 1203 1677 mar·

217 1714 345 1770 moribus
365 1725 392 1769 et
407 1731 491 1780 auro,
515 1713 716 1788 coloribusque
738 1712 884 1779 distincta,
907 1710 984 1767 intus
999 1722 1094 1767 autern
1114 1710 1204 1785 plena

216 1812 283 1857 sunt
310 1800 420 1856 ossibus
447 1812 647 1867 mortuorum·
674 1799 715 1855 sic
738 1811 765 1856 et
785 1799 922 1874 peruersi
957 1798 1105 1874 magistri,
1137 1797 1204 1871 quia

218 1889 276 1943 alia
301 1888 403 1943 docent
434 1899 461 1942 et
492 1887 551 1943 alia
577 1887 712 1961 faciunt3
744 1886 919 1942 intendiciant
948 1887 1045 1941 habitu
1070 1884 1155 1940 vestis
1178 1895 1205 1939 et

180 1976 375 2031 rinerborum
399 1974 561 2031 humilitate
590 1975 799 2046 demonstrant,
822 1975 898 2029 intus
920 1984 1015 2028 autern
1036 1971 1119 2048 pleni
1138 1983 1205 2027 sunt

219 2062 298 2119 omni
307 2061 452 2137 spurcicia
477 2073 503 2117 et
526 2061 657 2116 avaricia
682 2072 709 2116 et
733 2060 865 2128 libidine;
889 2061 1009 2135 deniqne
1023 2058 1206 2134 manifestius

220 2150 274 2205 hoc
296 2149 390 2224 ipsum
414 2148 555 2223 exprimit
578 2148 723 2222 inserens:
756 2148 803 2203 Sic
831 2159 859 2203 et
888 2165 938 2203 vos
965 2147 1067 2222 afforis
1090 2146 1205 2221 quidem

220 2236 370 2312 apparetis
392 2235 554 2291 hominibus
577 2235 655 2303 iusti,
678 2234 754 2290 intus
777 2247 871 2290 autern
886 2234 968 2308 pleni
982 2234 1051 2289 estis
1067 2231 1208 2311 ypocrisi

221 2334 247 2379 et
270 2323 425 2398 iniquitate.
451 2324 514 2379 Hec
536 2325 725 2395 leronymus.

180 2429 212 2463 20
270 2410 397 2466 Videtur
430 2428 463 2466 ex
498 2411 555 2466 hoc
594 2422 673 2465 textu
708 2405 855 2481 evangelii
888 2420 916 2463 et
958 2405 1049 2480 glosis
1079 2406 1203 2462 istorum
1237 2419 1257 2462 tt
1271 2419 1291 2462 is
1306 2419 1367 2473 right
1382 2426 1405 2461 to

223 2511 398 2554 sanctorum
433 2498 514 2571 quod
554 2495 669 2553 licitum
706 2509 749 2552 est
788 2496 899 2551 nedum
940 2494 1103 2569 reprobare
1138 2473 1425 2578 per-.{†.l'0“{fi,⁶.¹.¹¹ff‚⁵1fg‚

224 2603 314 2641 sonas
351 2586 403 2641 sed
436 2598 533 2641 sectas
557 2582 644 2640 donis
677 2581 799 2639 Domini
837 2584 1005 2640 abutentes.
1039 2580 1089 2637 Sic
1125 2579 1204 2636 enim
1242 2576 1394 2671 ⁰¹ffi⁰rfe⁵ffi⁰n¹¹

225 2672 363 2730 Christus
397 2671 569 2746 reprobavit
601 2670 714 2727 scribas
749 2684 777 2726 et
811 2668 968 2743 phariseos
1000 2667 1051 2744 qui
1085 2668 1206 2723 fuerunt
1243 2680 1394 2723 inuti-tanus.

225 2772 305 2816 secte
337 2760 452 2816 famose
484 2759 530 2815 sui
564 2757 710 2832 temporis
744 2771 772 2813 et
805 2757 847 2813 sie
872 2757 981 2813 Paulus
1005 2773 1073 2812 cum
1099 2754 1208 2812 ceteris

183 2845 372 2921 25aposrotis
410 2859 506 2902 sectas
549 2864 582 2902 ex
628 2844 809 2902 auctoritate
855 2843 978 2900 Domini
1024 2841 1207 2916 reprobavit.

227 2938 327 3004 Quare
363 2952 433 3006 ergo
465 2952 526 2989 non
559 2932 628 2990 licet
661 2932 751 2989 hodie
775 2933 880 2988 eadem
906 2930 1089 2987 auctoritate
1112 2943 1211 2986 sectas

227 3021 359 3077 novellas
394 3020 457 3076 sine
486 3019 595 3076 Christi
629 3018 810 3077 auctoritate
842 3032 1009 3075 crescentes
1038 3030 1067 3074 et
1091 3017 1157 3090 plus
1182 3016 1212 3072 in

229 3107 348 3165 malicia
381 3109 593 3165 habundantes
625 3121 712 3164 acute
745 3106 841 3163 instar
869 3105 992 3162 Domini
1031 3103 1212 3178 reprobare?

228 3198 337 3251 Ymmo
376 3213 444 3251 cum
480 3195 578 3251 maior
612 3193 732 3251 malicia
767 3194 797 3249 in
830 3192 917 3249 sectis
950 3212 1040 3267 quam
1077 3190 1213 3266 personis

185 3289 217 3336 30
228 3281 429 3356 singularibus
450 3282 615 3352 radicatur,
639 3280 757 3338 videtur
780 3281 936 3355 sequendo
952 3279 1107 3337 Christum
1132 3280 1214 3354 quod

228 3383 308 3427 secte
333 3369 382 3426 ille
405 3384 474 3426 sunt
498 3371 565 3444 plus
589 3388 679 3444 quam
698 3386 825 3443 persone
842 3367 995 3441 simplices
1008 3367 1214 3441 reprobande;

228 3457 252 3512 si
286 3471 386 3514 autem
420 3475 474 3531 per
506 3456 693 3532 impossibile
726 3455 827 3512 doceri
861 3453 972 3529 poterit
1004 3455 1085 3528 quod
1115 3453 1215 3527 alique

230 3543 354 3600 istarum
381 3559 512 3618 quatuor
536 3558 687 3601 sectarum
712 3562 729 3600 a
753 3546 816 3600 Deo
840 3555 1035 3616 sumpserunt
1057 3540 1215 3614 originem,

230 3646 301 3688 tunc
325 3632 361 3687 de
385 3645 470 3689 tanto
494 3632 570 3688 foret
595 3631 679 3688 color
703 3630 841 3687 fidelibus
859 3629 931 3686 istas
948 3642 1043 3685 sectas
1059 3630 1096 3684 de
1113 3627 1216 3684 condi·

189 3719 318 3776 tuotone
341 3718 485 3776 laudabili
510 3720 689 3793 approbare.
715 3719 791 3773 Cum
816 3731 918 3774 autem
942 3735 1004 3772 non
1020 3715 1063 3772 sic
1080 3733 1217 3788 sumpse·

232 3820 301 3862 runt
325 3824 342 3862 a
367 3809 430 3862 Deo
462 3805 621 3880 originem,
656 3804 846 3862 manifestum
871 3823 904 3860 ex
928 3802 1014 3860 iactis
1042 3801 1153 3858 Christi
1184 3801 1215 3857 in

232 3895 289 3949 hoc
322 3894 389 3949 loco
412 3894 494 3968 quod
527 3892 596 3950 licet
620 3891 791 3949 christianis
816 3892 899 3966 ipsas
927 3909 960 3947 ex
984 3888 1125 3964 nequicia
1150 3907 1218 3945 vere

233 3995 261 4037 et
294 3993 381 4037 acute
414 3999 550 4054 arguere,
583 3980 654 4054 quia
686 3980 852 4037 secundum
887 3977 1074 4052 evangelium
1107 3977 1218 4033 lohan-

234 4068 279 4124 nis
303 4069 337 4139 X,
368 4086 396 4123 t:
425 4068 485 4144 Qui
506 4087 561 4123 non
585 4068 676 4123 intrat
695 4085 752 4142 per
775 4067 879 4123 ostium
904 4066 932 4120 in
956 4066 1031 4121 ovile
1053 4064 1150 4122 ovium
1166 4064 1219 4121 sed

287 4284 302 4315 t.
330 4268 540 4330 Biumarg.116.
594 4265 958 4329 8.Ainmnrg.:leronyrnus3
1006 4265 1219 4321 tamquomoao

235 4324 304 4366 deest.
373 4321 401 4376 tl,
417 4336 448 4376 tn.
465 4326 498 4366 A:
514 4322 556 4378 qni
567 4323 616 4365 alia
632 4323 713 4365 docent
727 4329 802 4364 twice.
866 4332 901 4363 to.
917 4323 937 4363 Α
953 4332 975 4362 m
991 4331 1077 4372 murga
1091 4317 1219 4361 lolurnnes.

288 4467 310 4498 n.
331 4449 419 4500 hiatth.
439 4449 526 4501 XXlll.
548 4463 587 4511 27,
608 4452 648 4495 ab'.
718 4452 742 4495 h.
762 4448 867 4495 Comm.
888 4448 912 4493 in
932 4444 1020 4493 Matth.
1043 4445 1057 4491 Ι.
1078 4459 1099 4491 c.
1119 4460 1143 4507 p.
1166 4446 1220 4492 utu.
