3098 5130
213 516 281 562 cat.
302 504 355 587 nt]
507 523 552 572 DE
572 522 808 572 ANTICHRISTO
829 524 892 573 ΗΒ.
912 526 928 572 l.

214 684 361 760 Neptulint
397 696 424 740 et
455 683 611 740 novissimo
634 694 805 761 aggravata
838 696 880 741 est
917 685 961 740 nia
995 687 1086 742 inuris
1118 698 1201 741 trans

117 781 181 848 407¹
212 772 371 827 Jordanem
392 766 397 852 Ι
421 771 534 828 Galilee
556 770 702 850 gencium.
731 773 767 828 Et
790 769 820 826 in
844 771 1112 829 confirmacionem
1135 793 1200 829 sen-
1276 788 1353 850 tsatrrh

214 857 312 917 tencie
335 858 420 915 istius
443 857 524 915 verbi
549 857 718 932 prophetici
742 859 852 932 allegat
875 861 984 916 Matth.
1009 862 1047 915 lV
1069 879 1134 934 cap.
1166 862 1198 916 15
1226 852 1269 895 ⁹¹⁰
1286 841 1366 937 ξξξξξ
1382 843 1409 885 ot

216 947 306 1004 istum
331 959 443 1003 textum
477 945 689 1020 propheticum
723 947 866 1003 adhunc
898 965 1029 1006 sensum.
1064 948 1202 1004 Christus
1248 947 1381 1002 menching,

192 1033 295 1091 §enim
319 1032 403 1108 prius
427 1032 593 1106 predicavit
625 1031 656 1089 in
679 1047 760 1090 terra
783 1035 921 1091 Zabulon
954 1048 982 1091 et
1016 1047 1096 1092 terra
1123 1038 1202 1109 Nep·

216 1121 316 1191 talim;
342 1134 370 1177 et
387 1119 430 1177 sic
453 1120 504 1177 illa
528 1133 608 1176 terra
631 1138 686 1194 per
702 1139 788 1177 suam
805 1120 1048 1195 predicacionem
1063 1121 1202 1180 alleviata

216 1222 260 1265 est
283 1209 320 1264 de
344 1205 463 1265 sarcina
487 1221 694 1282 peccatorum.

258 1297 316 1352 Sed
340 1294 495 1352 nouissimo
519 1307 650 1370 tempore
683 1295 903 1368 predicacionis
937 1295 1060 1352 Domini
1085 1316 1201 1374 aggra-

217 1395 282 1439 vata
307 1393 349 1439 est
373 1382 418 1438 viu
442 1382 534 1438 utaris
557 1393 640 1439 trans
654 1383 815 1439 Iordanem
836 1382 949 1439 Galilee
962 1383 1107 1460 gencium,
1132 1384 1203 1458 quia

178 1469 304 1526 romulti
333 1471 370 1526 de
403 1468 461 1525 illis
493 1468 599 1543 patriis
632 1482 659 1525 et
694 1469 795 1526 multis
828 1469 894 1526 aliis
918 1489 935 1526 a
960 1471 1019 1526 fide
1043 1470 1203 1527 infeliciter

216 1571 287 1614 sunt
310 1556 416 1627 aversi,
441 1568 474 1612 ut
498 1569 579 1631 patet
603 1574 637 1611 ex
656 1575 798 1630 processu
823 1557 980 1631 evangelii.

261 1646 320 1701 Sed
344 1643 415 1718 quia
431 1643 567 1718 oportuit
584 1643 828 1717 predicacionem
847 1644 923 1701 tanti
940 1643 1075 1718 magistri
1094 1646 1240 1701 habereot
1253 1659 1290 1701 the
1305 1660 1349 1702 few
1362 1658 1423 1700 Jews

217 1750 302 1789 suam
328 1731 506 1800 efficaciam,
531 1731 599 1787 ideo
622 1731 725 1787 subdit
746 1733 908 1806 propheta:
934 1732 1063 1809 Populus
1078 1732 1128 1808 qui
1142 1752 1203 1788 unt·
1242 1711 1395 1816 wtprrelisehvocptd

216 1820 333 1876 bulubut
357 1819 384 1873 in
402 1818 526 1874 tenebris
544 1819 615 1874 vidit
631 1818 722 1874 lucem
740 1838 890 1896 maguam,
915 1821 972 1876 hoc
991 1832 1045 1890 est,
1063 1820 1098 1875 de
1115 1833 1204 1893 gente

179 1908 383 1962 15Judeorum
417 1905 467 1979 qui
500 1922 554 1979 per
587 1906 739 1962 Christum
777 1906 978 1976 crediderant,
1014 1906 1084 1963 licet
1122 1906 1206 1982 prius

218 1994 450 2051 ambulaverant
482 1992 513 2048 in
546 1994 677 2049 tenebris
701 2007 907 2066 peccatorum.
937 1996 969 2049 ln
993 1992 1206 2068 predicacione

218 2095 321 2138 tamen
346 2079 457 2137 Christi
481 2080 536 2136 lux
562 2078 697 2137 veritatis
720 2081 890 2154 evangelice
911 2092 976 2136 ortu
998 2093 1040 2137 est
1060 2081 1110 2152 eis,
1138 2081 1206 2138 licet

219 2169 302 2243 prius
326 2168 445 2224 fuerant
468 2167 567 2224 incole
592 2171 697 2223 umbre
722 2167 837 2224 mortis.

263 2257 321 2313 Sed
354 2253 426 2329 quia
459 2256 495 2310 de
530 2267 618 2328 gente
651 2254 775 2312 Judaica
809 2254 898 2329 pauci
931 2253 973 2310 sic
1004 2254 1204 2317 crediderant,

177 2343 288 2399 rolicet
314 2340 400 2398 multi
424 2343 590 2397 iudeorum
624 2342 743 2398 luerant
767 2344 868 2417 quoad
897 2361 1058 2398 numerum
1082 2356 1207 2398 natura-

220 2450 297 2500 rum,
336 2429 404 2485 ideo
437 2442 656 2503 consequenter
687 2428 760 2485 dicit
794 2430 954 2504 propheta,
996 2432 1059 2485 Deo
1097 2442 1207 2486 notans

220 2519 300 2593 quod
317 2517 407 2591 pauci
423 2516 544 2573 illorum
563 2515 592 2572 in
610 2516 763 2573 Christum
782 2515 986 2574 crediderant:
1004 2516 1209 2590 Multiplicasti

219 2617 345 2682 gentem,
385 2623 439 2661 non
472 2603 670 2681 magnificasti
700 2603 835 2660 leticiam.
875 2605 919 2659 De
957 2616 1045 2676 gente
1084 2602 1205 2677 quidem

219 2691 344 2748 Judaica
377 2692 498 2747 luerunt
532 2691 618 2747 multi
651 2692 751 2765 quoad
784 2704 936 2760 naturam,
970 2692 1022 2747 sed
1047 2689 1134 2764 pauci
1170 2691 1207 2746 de

178 2778 331 2854 riquibus
356 2778 411 2834 luit
435 2780 602 2849 letandum,
632 2796 700 2834 cum
725 2795 829 2834 eorum
854 2776 978 2852 plurimi
1000 2778 1118 2834 fuerant
1140 2796 1207 2852 pre-

222 2866 288 2923 sciti
313 2879 342 2922 et
366 2879 399 2922 ut
422 2865 557 2922 infideles
581 2865 612 2920 in
635 2864 757 2922 tartaris
782 2863 1038 2938 condempnandi.

264 2955 302 3009 Et
335 2953 407 3028 quia
439 2971 511 3027 gens
543 2952 593 3008 illa
620 2951 744 3009 Judaica
782 2952 837 3009 fuit
869 2951 1006 3009 occisura
1043 2951 1208 3020 Christum,
1231 2947 1411 3042 taisi-illiniri

221 3041 289 3097 ideo
314 3041 475 3114 prophetat
498 3053 614 3114 gestum
635 3058 740 3096 eorum
764 3058 854 3114 quem
880 3041 1060 3108 habuerunt,
1085 3040 1208 3113 quando
1245 3015 1404 3120 {troitanexpu

222 3128 296 3184 illud
320 3128 437 3184 lacinus
461 3140 682 3202 perpetrarunt.
708 3127 899 3198 Letubuntur,
924 3125 1033 3201 inquit,
1057 3145 1157 3181 corum
1181 3137 1208 3182 te
1251 3103 1389 3199 'ndleffiffl

179 3216 295 3272 3osicut
319 3216 368 3290 qui
390 3216 516 3271 letantur
538 3215 566 3269 in
592 3233 692 3283 messe,
716 3215 789 3271 sicut
817 3215 951 3270 exultant
975 3214 1099 3269 victores
1122 3224 1207 3288 capta

218 3303 323 3378 preda,
360 3303 475 3378 quando
514 3302 647 3358 dividunt
683 3302 786 3377 spolia.
826 3301 911 3357 Sicut
940 3300 1020 3357 enim
1061 3318 1208 3357 messores

222 3403 334 3446 canunt
367 3389 461 3446 multa
495 3389 613 3446 cantica
647 3388 822 3460 insolenter,
855 3388 896 3444 sic
926 3389 1099 3444 clamabant
1122 3387 1207 3442 iudei

223 3476 252 3533 in
277 3474 470 3533 crucifixione
487 3475 597 3532 Christi
616 3477 711 3532 multa
729 3476 906 3550 blasphema
923 3473 1052 3545 cantica,
1076 3488 1110 3530 ut
1127 3487 1209 3548 patet

224 3582 257 3619 ex
274 3582 416 3638 processu
442 3563 598 3637 evangelii,
623 3578 651 3619 er
676 3577 742 3637 post
759 3563 940 3620 occisionem
960 3561 1071 3618 Christi
1096 3560 1209 3617 divide-

181 3655 211 3707 35
224 3652 297 3708 bant
320 3651 500 3708 vestimenta
517 3669 580 3721 sua,
606 3650 682 3706 sicut
700 3649 838 3707 dividunt
862 3649 991 3706 victores
1018 3647 1115 3722 spolia
1131 3647 1209 3705 occi·

223 3757 336 3794 sorum.

268 3827 325 3882 Sed
360 3824 433 3900 quia
470 3839 537 3899 post
571 3823 684 3882 Christi
718 3838 857 3894 mortem,
898 3822 1153 3880 resurreccionem
1182 3835 1209 3878 et

224 3913 432 3970 ascensionem
450 3911 614 3969 Christiani
639 3930 709 3968 suos
726 3910 861 3967 infideles
875 3909 1063 3967 adversarios
1087 3927 1210 3984 supera·

224 4013 306 4072 runt,
338 3999 407 4057 ideo
439 3998 512 4056 dicit
547 4000 696 4073 propheta
728 4011 962 4074 consequenter:
996 3999 1102 4075 Iugum
1135 3996 1209 4053 enirn

276 4249 291 4280 t.
307 4238 340 4280 A:
355 4242 448 4293 aggrut
462 4240 607 4292 aggravata.
665 4246 682 4278 ε.
700 4236 729 4279 B:
745 4236 768 4277 t‘n
783 4233 963 4288 confirmacione
973 4236 1076 4276 racione.
1133 4247 1162 4276 ro.
1179 4234 1209 4275 B:

223 4289 270 4332 r'llt'r
280 4290 375 4343 pauiu.
439 4287 467 4341 13,
484 4301 515 4340 tr.
531 4290 566 4332 A:
581 4287 691 4330 ambulat.
746 4300 777 4339 14.
793 4289 829 4330 A:
847 4290 881 4329 erl
899 4287 971 4328 deest.
1035 4297 1067 4328 22.
1082 4288 1116 4329 A:
1136 4286 1210 4329 credi-

223 4348 315 4386 uerunt.
382 4340 413 4384 33.
430 4343 463 4384 A:
478 4340 627 4395 blasphemia.
714 4337 750 4393 34,
766 4338 796 4383 35.
813 4341 841 4382 A:
857 4338 991 4382 diuidebatur
1005 4338 1076 4381 deest.

280 4467 429 4527 13.1s.lx,
450 4481 471 4514 2.
520 4466 713 4527 22.1s.1x,3.
769 4479 809 4532 29.
829 4463 860 4512 Is.
881 4462 960 4524 1x‚3.
1016 4462 1209 4527 [dulsllhn.

1091 4550 1104 4599 3
