3098 5130
580 459 703 509 ocutus
722 458 933 508 tzvnnoemct
955 457 1019 506 ctu.
1038 458 1078 506 tu,
1184 439 1266 522 [esu.
1282 453 1332 497 vn.

343 632 453 677 tantum
480 621 610 694 ipsorum
644 621 696 675 sed
719 619 894 696 angelorum
923 630 949 673 et
974 616 1108 673 dominus
1140 637 1195 672 non
1219 628 1331 673 tantum

343 709 474 785 ipsorum
507 708 559 762 sed
593 726 692 762 rerum
726 705 853 761 omnium
878 705 993 761 leuaret
1017 706 1108 780 pedes
1131 704 1330 781 apostolorum

343 806 370 852 et
393 812 547 850 seruorum
577 811 708 850 suorum.
748 792 846 848 Huius
878 811 952 870 ergo
985 792 1060 847 tanti
1082 792 1164 868 sacti
1196 792 1330 866 quoniam

342 881 520 959 promiserat
553 881 705 937 scienciam
731 880 842 936 dicens:
882 880 962 935 Scies
990 891 1085 934 autem
1116 890 1230 955 postea,
1263 880 1331 954 quid

343 970 380 1027 sit
402 969 479 1044 quod
496 967 570 1043 seci,
596 969 701 1024 docere
724 985 799 1023 nunc
822 966 929 1042 incipit.
1344 967 1356 1015 5

126 1052 206 1148 (ἐξὲξ)
222 1053 332 1146 dqfflff
392 1055 457 1122 Vos,
482 1055 580 1131 inquit,
614 1054 724 1111 vocatis
747 1072 793 1110 me
816 1053 961 1131 magister
993 1067 1019 1109 et
1044 1052 1175 1122 domine,·
1211 1064 1239 1109 et
1261 1054 1331 1109 bene

146 1118 311 1216 nominantis
344 1143 453 1200 dicitis:
475 1160 539 1198 sum
560 1143 672 1198 etenim.
697 1142 777 1197 Bene
800 1141 894 1196 dicitis
915 1140 980 1215 quia
1011 1158 1112 1196 uerum
1138 1139 1243 1210 dicitis,
1265 1159 1329 1196 sum

149 1215 314 1304 fff‘joffiss‘ffin
344 1231 449 1306 quippe
465 1230 543 1304 quod
559 1229 664 1285 dicitis.
688 1229 811 1284 Homini
821 1239 993 1304 preceptum
1011 1238 1069 1283 est.-
1092 1227 1158 1283 Non
1182 1237 1209 1283 te
1231 1227 1329 1283 laudet

182 1321 275 1357 ¹¹¹³⁵¹⁰f·
344 1337 377 1374 os
400 1328 491 1388 tuum,
520 1318 573 1373 sed
596 1316 694 1372 laudet
718 1327 745 1372 te
769 1334 801 1372 os
821 1315 958 1391 proximi
978 1314 1028 1370 tui.
1063 1314 1263 1370 Periculosum
1287 1326 1331 1371 est

344 1405 418 1460 enim
441 1403 497 1459 sibi
515 1404 645 1480 placere,
670 1403 717 1458 cui
731 1403 891 1458 cauendum
916 1413 957 1458 est
978 1401 1140 1477 superbire.
1166 1402 1219 1458 Ille
1233 1413 1329 1457 autem
1347 1419 1375 1449 ιο

343 1491 393 1568 qui
407 1509 496 1566 super
516 1490 612 1546 omnia
634 1502 686 1561 est,
709 1500 958 1566 quantumcunque
977 1507 1008 1544 se
1024 1489 1123 1546 landet
1146 1507 1201 1544 non
1223 1507 1255 1544 se
1277 1507 1328 1545 ex-

344 1578 420 1633 tollit
436 1578 579 1648 excclsus,
604 1596 654 1634 nec
666 1587 762 1651 potest
779 1587 857 1632 recte
879 1577 935 1632 dici
957 1594 1107 1653 arrogans
1123 1573 1214 1633 Deus.
1239 1576 1330 1632 Nobis

346 1683 469 1740 namque
492 1664 610 1740 expedit
645 1683 707 1721 eum
742 1682 835 1732 nosse,
871 1682 925 1719 non
950 1663 1008 1725 illi‚·
1041 1681 1092 1718 nec
1124 1681 1187 1717 eum
1212 1662 1330 1738 quisque

345 1751 504 1829 cognoscit,
536 1752 562 1806 si
584 1770 639 1805 non
662 1769 692 1807 se
716 1750 822 1805 indicet
845 1750 906 1825 ipse
928 1751 977 1825 qni
999 1750 1086 1805 nouit.
1120 1749 1153 1804 Si
1176 1768 1250 1826 ergo
1273 1769 1329 1804 non

343 1858 374 1895 se
413 1838 560 1894 laudando
593 1838 678 1913 quasi
712 1837 921 1915 arroganciam
957 1837 1051 1892 uitare
1089 1837 1214 1892 voluerit
1249 1837 1372 1892 riobisti

343 1925 519 2000 sapienciam
545 1925 708 2002 denegabit.
734 1925 772 1979 Et
795 1925 971 2001 magistrmn
988 1924 1102 1998 quidem
1127 1924 1205 1997 quod
1221 1942 1252 1979 sc
1268 1942 1331 1979 esse

345 2013 413 2067 dicit
437 2030 518 2068 nemo
536 2012 771 2088 reprehenderet,
796 2012 885 2068 eciam
915 2029 978 2067 eum
1001 2012 1051 2086 qui
1073 2011 1144 2064 nilril
1166 2029 1227 2066 esse
1249 2011 1331 2065 aliud

343 2118 428 2175 quam
463 2100 607 2155 lrorninern
640 2099 785 2169 crederet,
824 2098 958 2173 qnoniam
997 2098 1027 2152 id
1055 2097 1214 2174 profitetur
1250 2099 1329 2173 qnod

344 2197 370 2241 et
403 2186 459 2262 ipsi
489 2187 618 2242 homines
651 2187 680 2241 in
713 2186 882 2260 quibuslibet
911 2185 1023 2240 artibus
1052 2185 1235 2259 usqueadeo
1267 2185 1329 2241 sine

345 2274 525 2350 arrogancia
554 2272 742 2349 profitentur,
775 2284 805 2328 ut
834 2272 1021 2348 professores
1056 2283 1203 2332 vocentur.
1242 2272 1329 2339 Quod
1341 2291 1372 2323 20

345 2379 414 2416 uero
439 2360 586 2415 dominum
611 2370 638 2416 et
661 2360 775 2436 ipsese
799 2359 868 2415 dicit
884 2359 1092 2434 discipulorum
1108 2377 1239 2424 suorum,
1263 2376 1326 2414 cum

343 2447 399 2501 sint
423 2447 466 2501 illi
497 2447 587 2503 eciam
619 2448 775 2502 secundum
800 2446 926 2501 seculum
952 2446 1081 2523 ingenui,
1109 2446 1171 2519 quis
1188 2446 1276 2521 serat
1299 2446 1327 2501 in

344 2533 481 2590 bomine?
513 2535 572 2590 Sed
593 2531 676 2591 Deus
704 2533 841 2607 loquitur.
875 2532 965 2587 Nulla
989 2543 1030 2588 est
1063 2533 1109 2588 uic
1136 2533 1226 2589 elacio
1250 2543 1329 2589 tante

344 2620 533 2690 celsitudinis,
558 2619 668 2675 nullum
693 2620 874 2676 mendacium
900 2619 1047 2675 ueritatis:
1075 2620 1155 2676 nobis
1178 2619 1328 2675 subiacere

345 2707 390 2762 illi
412 2708 480 2764 utile
513 2719 554 2763 est
579 2707 752 2776 celsitudini,
787 2706 867 2762 nobis
900 2707 969 2761 utile
1000 2717 1041 2762 est
1065 2707 1178 2762 seruire
1202 2706 1371 2763 ueritati.25

349 2795 436 2862 Quod
468 2813 500 2850 se
528 2794 676 2850 dominum
711 2793 788 2863 dicit,
822 2812 876 2848 non
909 2793 953 2848 illi
975 2793 1078 2850 vicium
1111 2804 1153 2849 est
1175 2793 1227 2849 sed
1250 2793 1329 2850 nobis

344 2881 521 2957 beneficium.
555 2881 714 2937 Cuiusdam
738 2880 880 2936 secularis
903 2881 1032 2936 auctoris
1056 2881 1144 2936 uerba
1169 2880 1330 2935 laudantur

343 2969 409 3043 quia
434 2968 526 3024 dixit:
553 2969 624 3023 Cum
642 2968 734 3023 onmis
757 2967 936 3044 arrogancia
958 2967 1068 3039 odiosa,
1093 2978 1136 3022 est
1158 2978 1254 3023 tamen
1278 2967 1328 3022 illa

345 3055 510 3132 ingenuitas
534 3054 695 3131 eloquencie
718 3055 809 3109 multo
833 3055 1053 3119 molestissima,·
1084 3065 1110 3110 et
1134 3065 1229 3109 tamen
1253 3054 1328 3110 idem

346 3142 407 3217 ipse
431 3160 494 3197 cum
513 3143 548 3198 de
570 3160 622 3198 sua
640 3141 805 3216 eloquencia
823 3142 1007 3214 loqueretur:
1032 3141 1178 3209 Dicerem,
1203 3141 1328 3216 inquam,
1342 3148 1374 3198 30

343 3230 519 3304 perfectam,
543 3228 569 3284 si
591 3229 630 3284 ita
655 3229 814 3284 iudicarem
839 3247 889 3284 nec
913 3229 940 3283 in
965 3228 1088 3284 ueritate
1111 3227 1220 3285 crimen
1243 3247 1329 3283 arro·

345 3315 451 3392 gancie
470 3316 719 3391 pertimescerem.
744 3316 778 3370 Si
799 3315 892 3392 igitur
908 3316 957 3370 ille
980 3316 1065 3371 bomo
1082 3315 1330 3388 eloquentissimus

347 3404 374 3456 in
399 3403 520 3458 veritate
543 3402 754 3480 arroganciam
788 3421 842 3457 non
866 3403 990 3471 timeret,
1024 3403 1156 3477 quoniam
1181 3421 1329 3479 arrogan-

348 3489 422 3546 ciam
447 3489 508 3566 ipsa
534 3490 642 3546 ueritas
665 3489 768 3544 timet?
791 3489 879 3544 Dicat
901 3507 932 3545 se
956 3490 1102 3545 dominum
1127 3491 1175 3563 qui
1197 3489 1331 3544 dominus

348 3587 400 3643 est.
435 3577 513 3632 dicat
538 3595 637 3632 uerum
675 3577 725 3651 qui
747 3576 858 3632 ueritas
882 3588 938 3632 est:
976 3595 1011 3632 ne
1044 3596 1099 3633 non
1133 3577 1242 3632 discam
1275 3594 1331 3654 ego
1344 3582 1374 3633 35

348 3663 425 3738 quod
457 3664 526 3718 utile
558 3675 609 3732 est,
643 3664 710 3718 dum
744 3674 818 3719 tacet
851 3664 900 3718 ille
937 3664 1014 3737 quod
1054 3676 1105 3723 est.
1143 3663 1332 3720 Beatissimus

350 3751 459 3807 Paulus
491 3770 545 3806 non
585 3751 680 3825 utique
717 3750 882 3826 congenitus
910 3750 968 3806 Dei
992 3750 1078 3826 filius
1109 3751 1162 3806 sed
1193 3750 1335 3827 unigeniti

350 3838 413 3914 filii
434 3838 492 3893 Dei
512 3856 616 3894 servus
645 3849 671 3893 ct
700 3838 860 3913 apostolus,
895 3857 949 3893 non
974 3838 1082 3893 veritas
1113 3838 1165 3892 sed
1184 3837 1333 3913 particeps

400 4165 419 4195 2.
436 4153 464 4194 lt:
480 4151 654 4207 discipulorum.
711 4165 736 4194 n.
753 4154 786 4195 A:
800 4116 936 4195 sedtauaer.
992 4166 1022 4203 ts.
1038 4156 1073 4196 A:
1088 4166 1112 4195 se
1126 4154 1198 4196 deest.
1255 4154 1283 4197 n.
1299 4156 1331 4197 A:

347 4204 456 4263 leuando.
483 4258 485 4263 Ι
538 4204 568 4246 ui.
589 4207 622 4247 A:
638 4205 746 4264 quoniam
760 4217 786 4247 se
799 4217 856 4247 esse.
934 4219 964 4257 ιγ,
978 4207 1011 4247 A:
1028 4206 1183 4260 reprehendit.
1253 4208 1282 4248 1⁸.
1298 4208 1331 4249 A:

346 4258 413 4300 utut.
481 4256 514 4298 lo.
531 4257 561 4299 tt:
577 4258 658 4310 inquit.
739 4256 771 4299 33.
788 4257 816 4299 B:
832 4258 954 4311 quomodo.

399 4384 423 4430 8.
443 4382 520 4431 Pron.
540 4384 640 4444 XXVII,
661 4398 685 4432 2.
