<?xml version="1.0" encoding="UTF-8"?>
<!DOCTYPE html PUBLIC "-//W3C//DTD XHTML 1.0 Transitional//EN"
    "http://www.w3.org/TR/xhtml1/DTD/xhtml1-transitional.dtd">
<html xmlns="http://www.w3.org/1999/xhtml" xml:lang="en" lang="en">
 <head>
  <title>
</title>
<meta http-equiv="Content-Type" content="text/html;charset=utf-8" />
  <meta name='ocr-system' content='tesseract 3.04.00' />
  <meta name='ocr-capabilities' content='ocr_page ocr_carea ocr_par ocr_line ocrx_word'/>
</head>
<body>
  <div class='ocr_page' id='page_1' title='image "./iohanniswyclifo01wyclgoog_0253.png"; bbox 0 0 3030 5130; ppageno 0'>
   <div class='ocr_carea' id='block_1_1' title="bbox 576 448 1339 532">
    <p class='ocr_par' dir='ltr' id='par_1_1' title="bbox 576 448 1339 532">
     <span class='ocr_line' id='line_1_1' title="bbox 576 448 1339 532; baseline -0.01 -16"><span class='ocrx_word' id='word_1_1' title='bbox 576 465 673 516; x_wconf 73' lang='lat' dir='ltr'>oeus·</span> <span class='ocrx_word' id='word_1_2' title='bbox 685 465 937 516; x_wconf 73' lang='lat' dir='ltr'>evluoeutcuu</span> <span class='ocrx_word' id='word_1_3' title='bbox 958 466 1022 515; x_wconf 78' lang='lat' dir='ltr'>tte.</span> <span class='ocrx_word' id='word_1_4' title='bbox 1042 465 1085 516; x_wconf 79' lang='grc' dir='ltr'><strong>ιιι.</strong></span> <span class='ocrx_word' id='word_1_5' title='bbox 1158 448 1245 532; x_wconf 70' lang='lat' dir='ltr'>[cis.</span> <span class='ocrx_word' id='word_1_6' title='bbox 1259 465 1339 511; x_wconf 78' lang='lat' dir='ltr'>tvm.</span> 
     </span>
    </p>
   </div>
   <div class='ocr_carea' id='block_1_2' title="bbox 131 626 1408 3839">
    <p class='ocr_par' dir='ltr' id='par_1_2' title="bbox 342 626 1359 1133">
     <span class='ocr_line' id='line_1_2' title="bbox 342 626 1341 704; baseline 0 -20"><span class='ocrx_word' id='word_1_7' title='bbox 342 629 415 684; x_wconf 84' lang='lat' dir='ltr'>sciat</span> <span class='ocrx_word' id='word_1_8' title='bbox 438 627 490 683; x_wconf 83' lang='lat' dir='ltr'>sed</span> <span class='ocrx_word' id='word_1_9' title='bbox 513 644 569 681; x_wconf 81' lang='lat' dir='ltr'>non</span> <span class='ocrx_word' id='word_1_10' title='bbox 593 627 731 702; x_wconf 77' lang='lat' dir='ltr'>expediat</span> <span class='ocrx_word' id='word_1_11' title='bbox 764 626 842 681; x_wconf 87' lang='lat' dir='ltr'>scire</span> <span class='ocrx_word' id='word_1_12' title='bbox 865 626 1008 701; x_wconf 80' lang='lat' dir='ltr'>apostolis</span> <span class='ocrx_word' id='word_1_13' title='bbox 1036 638 1068 681; x_wconf 84' lang='lat' dir='ltr'>ut</span> <span class='ocrx_word' id='word_1_14' title='bbox 1090 645 1216 704; x_wconf 83' lang='lat' dir='ltr'><strong><em>semper</em></strong></span> <span class='ocrx_word' id='word_1_15' title='bbox 1238 630 1341 686; x_wconf 75' lang='lat' dir='ltr'><em>incerti</em></span> 
     </span>
     <span class='ocr_line' id='line_1_3' title="bbox 343 713 1337 789; baseline 0.001 -19"><span class='ocrx_word' id='word_1_16' title='bbox 343 717 378 772; x_wconf 84' lang='lat' dir='ltr'>de</span> <span class='ocrx_word' id='word_1_17' title='bbox 401 715 526 769; x_wconf 81' lang='lat' dir='ltr'>adventu</span> <span class='ocrx_word' id='word_1_18' title='bbox 549 713 652 768; x_wconf 83' lang='lat' dir='ltr'>iudicis</span> <span class='ocrx_word' id='word_1_19' title='bbox 675 713 717 769; x_wconf 86' lang='lat' dir='ltr'>sic</span> <span class='ocrx_word' id='word_1_20' title='bbox 733 713 834 768; x_wconf 78' lang='lat' dir='ltr'>cotidii</span> <span class='ocrx_word' id='word_1_21' title='bbox 849 713 947 767; x_wconf 78' lang='lat' dir='ltr'>virent</span> <span class='ocrx_word' id='word_1_22' title='bbox 968 715 1055 789; x_wconf 82' lang='lat' dir='ltr'><em>quasi</em></span> <span class='ocrx_word' id='word_1_23' title='bbox 1069 715 1119 770; x_wconf 77' lang='lat' dir='ltr'>die</span> <span class='ocrx_word' id='word_1_24' title='bbox 1141 717 1242 772; x_wconf 84' lang='lat' dir='ltr'>altera</span> <span class='ocrx_word' id='word_1_25' title='bbox 1266 718 1337 772; x_wconf 81' lang='lat' dir='ltr'>iudi-</span> 
     </span>
     <span class='ocr_line' id='line_1_4' title="bbox 343 799 1337 880; baseline 0 -22"><span class='ocrx_word' id='word_1_26' title='bbox 343 801 430 858; x_wconf 83' lang='lat' dir='ltr'>caudi</span> <span class='ocrx_word' id='word_1_27' title='bbox 449 799 516 858; x_wconf 84' lang='lat' dir='ltr'>sint.</span> <span class='ocrx_word' id='word_1_28' title='bbox 541 800 671 874; x_wconf 84' lang='lat' dir='ltr'>Denique</span> <span class='ocrx_word' id='word_1_29' title='bbox 693 811 720 855; x_wconf 89' lang='lat' dir='ltr'>et</span> <span class='ocrx_word' id='word_1_30' title='bbox 743 817 918 874; x_wconf 85' lang='lat' dir='ltr'>consequens</span> <span class='ocrx_word' id='word_1_31' title='bbox 942 801 1092 877; x_wconf 79' lang='lat' dir='ltr'>evangelii</span> <span class='ocrx_word' id='word_1_32' title='bbox 1114 820 1217 860; x_wconf 88' lang='lat' dir='ltr'>sermo</span> <span class='ocrx_word' id='word_1_33' title='bbox 1242 805 1274 858; x_wconf 83' lang='lat' dir='ltr'>id</span> <span class='ocrx_word' id='word_1_34' title='bbox 1296 805 1337 880; x_wconf 80' lang='lat' dir='ltr'>ip·</span> 
     </span>
     <span class='ocr_line' id='line_1_5' title="bbox 343 887 1336 965; baseline 0.001 -20"><span class='ocrx_word' id='word_1_35' title='bbox 343 908 406 945; x_wconf 87' lang='lat' dir='ltr'>sum</span> <span class='ocrx_word' id='word_1_36' title='bbox 430 888 510 965; x_wconf 81' lang='lat' dir='ltr'>cogit</span> <span class='ocrx_word' id='word_1_37' title='bbox 533 887 674 963; x_wconf 73' lang='lat' dir='ltr'>intelligi,·</span> <span class='ocrx_word' id='word_1_38' title='bbox 706 887 802 943; x_wconf 78' lang='lat' dir='ltr'>dicens</span> <span class='ocrx_word' id='word_1_39' title='bbox 836 904 947 961; x_wconf 83' lang='lat' dir='ltr'>quoque</span> <span class='ocrx_word' id='word_1_40' title='bbox 975 899 1096 962; x_wconf 80' lang='lat' dir='ltr'>patrem</span> <span class='ocrx_word' id='word_1_41' title='bbox 1121 891 1221 946; x_wconf 86' lang='lat' dir='ltr'>solum</span> <span class='ocrx_word' id='word_1_42' title='bbox 1247 909 1336 961; x_wconf 87' lang='lat' dir='ltr'>nosse,</span> 
     </span>
     <span class='ocr_line' id='line_1_6' title="bbox 345 973 1359 1053; baseline 0.002 -23"><span class='ocrx_word' id='word_1_43' title='bbox 345 977 373 1031; x_wconf 86' lang='lat' dir='ltr'>in</span> <span class='ocrx_word' id='word_1_44' title='bbox 392 986 482 1051; x_wconf 83' lang='lat' dir='ltr'>patre</span> <span class='ocrx_word' id='word_1_45' title='bbox 504 973 724 1049; x_wconf 80' lang='lat' dir='ltr'>comprehendit</span> <span class='ocrx_word' id='word_1_46' title='bbox 747 986 774 1029; x_wconf 94' lang='lat' dir='ltr'>et</span> <span class='ocrx_word' id='word_1_47' title='bbox 789 973 898 1048; x_wconf 82' lang='lat' dir='ltr'>filium.</span> <span class='ocrx_word' id='word_1_48' title='bbox 937 974 1040 1029; x_wconf 81' lang='lat' dir='ltr'>Omnis</span> <span class='ocrx_word' id='word_1_49' title='bbox 1074 976 1152 1031; x_wconf 84' lang='lat' dir='ltr'>enim</span> <span class='ocrx_word' id='word_1_50' title='bbox 1175 989 1267 1053; x_wconf 81' lang='lat' dir='ltr'>pater</span> <span class='ocrx_word' id='word_1_51' title='bbox 1290 978 1359 1037; x_wconf 66' lang='lat' dir='ltr'>filiis</span> 
     </span>
     <span class='ocr_line' id='line_1_7' title="bbox 346 1062 826 1133; baseline -0.002 -15"><span class='ocrx_word' id='word_1_52' title='bbox 346 1080 448 1118; x_wconf 81' lang='lat' dir='ltr'>nomen</span> <span class='ocrx_word' id='word_1_53' title='bbox 473 1072 525 1116; x_wconf 87' lang='lat' dir='ltr'>est.</span> <span class='ocrx_word' id='word_1_54' title='bbox 550 1062 613 1116; x_wconf 89' lang='lat' dir='ltr'>Hec</span> <span class='ocrx_word' id='word_1_55' title='bbox 637 1063 826 1133; x_wconf 82' lang='lat' dir='ltr'>leronymus.</span> 
     </span>
    </p>

    <p class='ocr_par' dir='ltr' id='par_1_3' title="bbox 156 1146 1336 1226">
     <span class='ocr_line' id='line_1_8' title="bbox 156 1146 1336 1226; baseline 0.001 -18"><span class='ocrx_word' id='word_1_56' title='bbox 156 1164 310 1226; x_wconf 67' lang='lat' dir='ltr'>Noyr-aum</span> <span class='ocrx_word' id='word_1_57' title='bbox 389 1151 431 1204; x_wconf 80' lang='lat' dir='ltr'>Ex</span> <span class='ocrx_word' id='word_1_58' title='bbox 462 1148 521 1204; x_wconf 91' lang='lat' dir='ltr'>isto</span> <span class='ocrx_word' id='word_1_59' title='bbox 555 1147 636 1203; x_wconf 93' lang='lat' dir='ltr'>dicto</span> <span class='ocrx_word' id='word_1_60' title='bbox 660 1146 813 1220; x_wconf 82' lang='lat' dir='ltr'>Jcronymi</span> <span class='ocrx_word' id='word_1_61' title='bbox 837 1159 957 1203; x_wconf 87' lang='lat' dir='ltr'>notaret</span> <span class='ocrx_word' id='word_1_62' title='bbox 989 1148 1164 1206; x_wconf 82' lang='lat' dir='ltr'>catholicus</span> <span class='ocrx_word' id='word_1_63' title='bbox 1189 1165 1336 1225; x_wconf 85' lang='lat' dir='ltr'>quantum</span> 
     </span>
    </p>

    <p class='ocr_par' dir='ltr' id='par_1_4' title="bbox 156 1215 1338 1324">
     <span class='ocr_line' id='line_1_9' title="bbox 156 1215 1338 1324; baseline 0.004 -33"><span class='ocrx_word' id='word_1_64' title='bbox 156 1215 311 1324; x_wconf 54' lang='grc' dir='ltr'>δ’ἓξξξῶξέξ,</span> <span class='ocrx_word' id='word_1_65' title='bbox 347 1237 509 1292; x_wconf 87' lang='lat' dir='ltr'>horrebant</span> <span class='ocrx_word' id='word_1_66' title='bbox 542 1233 637 1290; x_wconf 85' lang='lat' dir='ltr'>sancti</span> <span class='ocrx_word' id='word_1_67' title='bbox 670 1235 809 1290; x_wconf 89' lang='lat' dir='ltr'>doctores</span> <span class='ocrx_word' id='word_1_68' title='bbox 834 1233 900 1290; x_wconf 94' lang='lat' dir='ltr'>illos</span> <span class='ocrx_word' id='word_1_69' title='bbox 925 1234 1075 1292; x_wconf 88' lang='lat' dir='ltr'>hereticos</span> <span class='ocrx_word' id='word_1_70' title='bbox 1099 1237 1154 1311; x_wconf 91' lang='lat' dir='ltr'>qui</span> <span class='ocrx_word' id='word_1_71' title='bbox 1179 1239 1229 1295; x_wconf 90' lang='lat' dir='ltr'>vel</span> <span class='ocrx_word' id='word_1_72' title='bbox 1252 1257 1338 1314; x_wconf 84' lang='lat' dir='ltr'>nega·</span> 
     </span>
    </p>

    <p class='ocr_par' dir='ltr' id='par_1_5' title="bbox 175 1321 1374 1657">
     <span class='ocr_line' id='line_1_10' title="bbox 175 1321 1336 1396; baseline 0.002 -17"><span class='ocrx_word' id='word_1_73' title='bbox 175 1333 293 1364; x_wconf 80' lang='lat' dir='ltr'>common.</span> <span class='ocrx_word' id='word_1_74' title='bbox 348 1336 418 1379; x_wconf 89' lang='lat' dir='ltr'>runt</span> <span class='ocrx_word' id='word_1_75' title='bbox 441 1322 623 1396; x_wconf 84' lang='lat' dir='ltr'><strong>scripturam</strong></span> <span class='ocrx_word' id='word_1_76' title='bbox 647 1339 764 1378; x_wconf 83' lang='lat' dir='ltr'>sacram</span> <span class='ocrx_word' id='word_1_77' title='bbox 788 1334 818 1377; x_wconf 94' lang='lat' dir='ltr'>et</span> <span class='ocrx_word' id='word_1_78' title='bbox 841 1321 968 1377; x_wconf 89' lang='lat' dir='ltr'>omnino</span> <span class='ocrx_word' id='word_1_79' title='bbox 992 1323 1188 1396; x_wconf 82' lang='lat' dir='ltr'>evangelium</span> <span class='ocrx_word' id='word_1_80' title='bbox 1214 1327 1261 1383; x_wconf 87' lang='lat' dir='ltr'>vel</span> <span class='ocrx_word' id='word_1_81' title='bbox 1285 1326 1336 1382; x_wconf 90' lang='lat' dir='ltr'>sibi</span> 
     </span>
     <span class='ocr_line' id='line_1_11' title="bbox 348 1408 1374 1485; baseline 0.006 -19"><span class='ocrx_word' id='word_1_82' title='bbox 348 1410 560 1485; x_wconf 87' lang='lat' dir='ltr'>imposuerunt</span> <span class='ocrx_word' id='word_1_83' title='bbox 582 1427 702 1465; x_wconf 88' lang='lat' dir='ltr'>sensum</span> <span class='ocrx_word' id='word_1_84' title='bbox 727 1408 900 1481; x_wconf 87' lang='lat' dir='ltr'>sinistrum;</span> <span class='ocrx_word' id='word_1_85' title='bbox 932 1421 962 1465; x_wconf 93' lang='lat' dir='ltr'>et</span> <span class='ocrx_word' id='word_1_86' title='bbox 991 1427 1060 1465; x_wconf 91' lang='lat' dir='ltr'>cum</span> <span class='ocrx_word' id='word_1_87' title='bbox 1087 1412 1180 1468; x_wconf 88' lang='lat' dir='ltr'>hodie</span> <span class='ocrx_word' id='word_1_88' title='bbox 1205 1413 1245 1471; x_wconf 91' lang='lat' dir='ltr'>sit</span> <span class='ocrx_word' id='word_1_89' title='bbox 1268 1413 1374 1472; x_wconf 82' lang='lat' dir='ltr'>utri-10</span> 
     </span>
     <span class='ocr_line' id='line_1_12' title="bbox 349 1495 1337 1572; baseline 0.003 -19"><span class='ocrx_word' id='word_1_90' title='bbox 349 1516 444 1572; x_wconf 91' lang='lat' dir='ltr'>usque</span> <span class='ocrx_word' id='word_1_91' title='bbox 476 1495 689 1567; x_wconf 88' lang='lat' dir='ltr'>communiter,</span> <span class='ocrx_word' id='word_1_92' title='bbox 727 1509 812 1569; x_wconf 85' lang='lat' dir='ltr'>patet</span> <span class='ocrx_word' id='word_1_93' title='bbox 849 1509 996 1570; x_wconf 84' lang='lat' dir='ltr'>quantum</span> <span class='ocrx_word' id='word_1_94' title='bbox 1032 1499 1184 1556; x_wconf 90' lang='lat' dir='ltr'>moderna</span> <span class='ocrx_word' id='word_1_95' title='bbox 1214 1501 1337 1558; x_wconf 87' lang='lat' dir='ltr'>ecclesia</span> 
     </span>
     <span class='ocr_line' id='line_1_13' title="bbox 350 1580 1003 1657; baseline 0.002 -16"><span class='ocrx_word' id='word_1_96' title='bbox 350 1584 462 1641; x_wconf 85' lang='lat' dir='ltr'>decidit</span> <span class='ocrx_word' id='word_1_97' title='bbox 484 1603 502 1640; x_wconf 83' lang='lat' dir='ltr'>a</span> <span class='ocrx_word' id='word_1_98' title='bbox 526 1580 669 1656; x_wconf 82' lang='lat' dir='ltr'>religione</span> <span class='ocrx_word' id='word_1_99' title='bbox 693 1582 818 1639; x_wconf 87' lang='lat' dir='ltr'>ecclesie</span> <span class='ocrx_word' id='word_1_100' title='bbox 842 1582 1003 1657; x_wconf 82' lang='lat' dir='ltr'>primitive.</span> 
     </span>
    </p>

    <p class='ocr_par' dir='ltr' id='par_1_6' title="bbox 131 1667 1408 2532">
     <span class='ocr_line' id='line_1_14' title="bbox 131 1667 1337 1766; baseline 0.003 -39"><span class='ocrx_word' id='word_1_101' title='bbox 131 1667 336 1766; x_wconf 45' lang='lat' dir='ltr'>Wssgffiiggfis</span> <span class='ocrx_word' id='word_1_102' title='bbox 392 1671 577 1746; x_wconf 78' lang='lat' dir='ltr'><strong>Augustinus</strong></span> <span class='ocrx_word' id='word_1_103' title='bbox 594 1685 693 1727; x_wconf 84' lang='lat' dir='ltr'>autern</span> <span class='ocrx_word' id='word_1_104' title='bbox 712 1669 829 1726; x_wconf 90' lang='lat' dir='ltr'>videtur</span> <span class='ocrx_word' id='word_1_105' title='bbox 844 1670 1007 1727; x_wconf 84' lang='lat' dir='ltr'>admittere</span> <span class='ocrx_word' id='word_1_106' title='bbox 1023 1671 1081 1728; x_wconf 93' lang='lat' dir='ltr'>hoc</span> <span class='ocrx_word' id='word_1_107' title='bbox 1099 1675 1228 1730; x_wconf 86' lang='lat' dir='ltr'>verbum</span> <span class='ocrx_word' id='word_1_108' title='bbox 1253 1692 1337 1731; x_wconf 84' lang='lat' dir='ltr'>evan·</span> 
     </span>
     <span class='ocr_line' id='line_1_15' title="bbox 163 1757 1337 1835; baseline 0.002 -19"><span class='ocrx_word' id='word_1_109' title='bbox 163 1774 213 1816; x_wconf 69' lang='lat' dir='ltr'>said</span> <span class='ocrx_word' id='word_1_110' title='bbox 229 1778 307 1833; x_wconf 68' lang='lat' dir='ltr'>potio</span> <span class='ocrx_word' id='word_1_111' title='bbox 349 1757 428 1832; x_wconf 82' lang='lat' dir='ltr'>gelii,</span> <span class='ocrx_word' id='word_1_112' title='bbox 454 1760 553 1833; x_wconf 81' lang='lat' dir='ltr'>Neque</span> <span class='ocrx_word' id='word_1_113' title='bbox 566 1757 668 1834; x_wconf 84' lang='lat' dir='ltr'>filius;</span> <span class='ocrx_word' id='word_1_114' title='bbox 698 1776 796 1831; x_wconf 90' lang='lat' dir='ltr'>neque</span> <span class='ocrx_word' id='word_1_115' title='bbox 824 1759 914 1814; x_wconf 87' lang='lat' dir='ltr'>audet</span> <span class='ocrx_word' id='word_1_116' title='bbox 937 1757 1095 1831; x_wconf 88' lang='lat' dir='ltr'>quiescere</span> <span class='ocrx_word' id='word_1_117' title='bbox 1119 1759 1150 1816; x_wconf 87' lang='lat' dir='ltr'>in</span> <span class='ocrx_word' id='word_1_118' title='bbox 1175 1761 1235 1818; x_wconf 89' lang='lat' dir='ltr'>hac</span> <span class='ocrx_word' id='word_1_119' title='bbox 1258 1763 1337 1835; x_wconf 87' lang='lat' dir='ltr'>glosa</span> 
     </span>
     <span class='ocr_line' id='line_1_16' title="bbox 131 1829 1372 1921; baseline 0.003 -20"><span class='ocrx_word' id='word_1_120' title='bbox 131 1829 340 1921; x_wconf 49' lang='grc' dir='ltr'>Ἢᾞζῐζξῇῗ</span> <span class='ocrx_word' id='word_1_121' title='bbox 350 1847 431 1920; x_wconf 91' lang='lat' dir='ltr'>quod</span> <span class='ocrx_word' id='word_1_122' title='bbox 456 1845 534 1901; x_wconf 88' lang='lat' dir='ltr'>filius</span> <span class='ocrx_word' id='word_1_123' title='bbox 567 1863 628 1900; x_wconf 89' lang='lat' dir='ltr'>non</span> <span class='ocrx_word' id='word_1_124' title='bbox 653 1844 808 1918; x_wconf 87' lang='lat' dir='ltr'>cognoscit</span> <span class='ocrx_word' id='word_1_125' title='bbox 839 1845 917 1900; x_wconf 91' lang='lat' dir='ltr'>hunc</span> <span class='ocrx_word' id='word_1_126' title='bbox 942 1844 1022 1901; x_wconf 87' lang='lat' dir='ltr'>diem</span> <span class='ocrx_word' id='word_1_127' title='bbox 1048 1864 1081 1903; x_wconf 89' lang='lat' dir='ltr'>ex</span> <span class='ocrx_word' id='word_1_128' title='bbox 1105 1865 1138 1902; x_wconf 89' lang='lat' dir='ltr'>se</span> <span class='ocrx_word' id='word_1_129' title='bbox 1161 1849 1211 1904; x_wconf 86' lang='lat' dir='ltr'>vel</span> <span class='ocrx_word' id='word_1_130' title='bbox 1235 1850 1372 1911; x_wconf 74' lang='lat' dir='ltr'>huma-15</span> 
     </span>
     <span class='ocr_line' id='line_1_17' title="bbox 184 1929 1336 2008; baseline 0.003 -20"><span class='ocrx_word' id='word_1_131' title='bbox 184 1929 285 1972; x_wconf 58' lang='lat' dir='ltr'>”⁰¹¹⁰st</span> <span class='ocrx_word' id='word_1_132' title='bbox 350 1933 446 2003; x_wconf 91' lang='lat' dir='ltr'>nitus;</span> <span class='ocrx_word' id='word_1_133' title='bbox 471 1934 522 1988; x_wconf 89' lang='lat' dir='ltr'>sed</span> <span class='ocrx_word' id='word_1_134' title='bbox 540 1933 617 1988; x_wconf 82' lang='lat' dir='ltr'>hanc</span> <span class='ocrx_word' id='word_1_135' title='bbox 632 1931 775 1988; x_wconf 88' lang='lat' dir='ltr'>noticiam</span> <span class='ocrx_word' id='word_1_136' title='bbox 793 1931 916 2005; x_wconf 84' lang='lat' dir='ltr'>proprie</span> <span class='ocrx_word' id='word_1_137' title='bbox 933 1931 1038 1988; x_wconf 88' lang='lat' dir='ltr'>tribuit</span> <span class='ocrx_word' id='word_1_138' title='bbox 1054 1933 1137 2008; x_wconf 87' lang='lat' dir='ltr'>patri</span> <span class='ocrx_word' id='word_1_139' title='bbox 1160 1953 1228 1992; x_wconf 88' lang='lat' dir='ltr'>suo.</span> <span class='ocrx_word' id='word_1_140' title='bbox 1255 1937 1336 1993; x_wconf 92' lang='lat' dir='ltr'>Unde</span> 
     </span>
     <span class='ocr_line' id='line_1_18' title="bbox 348 2018 1337 2096; baseline 0.003 -20"><span class='ocrx_word' id='word_1_141' title='bbox 348 2019 449 2096; x_wconf 89' lang='lat' dir='ltr'>primo</span> <span class='ocrx_word' id='word_1_142' title='bbox 481 2032 613 2076; x_wconf 85' lang='lat' dir='ltr'>tractatu</span> <span class='ocrx_word' id='word_1_143' title='bbox 638 2018 748 2074; x_wconf 87' lang='lat' dir='ltr'>Psalmi</span> <span class='ocrx_word' id='word_1_144' title='bbox 779 2020 897 2075; x_wconf 77' lang='lat' dir='ltr'>xxxvl</span> <span class='ocrx_word' id='word_1_145' title='bbox 926 2018 968 2074; x_wconf 90' lang='lat' dir='ltr'>sic</span> <span class='ocrx_word' id='word_1_146' title='bbox 992 2019 1111 2077; x_wconf 88' lang='lat' dir='ltr'>scribit:</span> <span class='ocrx_word' id='word_1_147' title='bbox 1152 2022 1337 2079; x_wconf 84' lang='lat' dir='ltr'>Novissimus</span> 
     </span>
     <span class='ocr_line' id='line_1_19' title="bbox 349 2107 1338 2184; baseline 0.003 -22"><span class='ocrx_word' id='word_1_148' title='bbox 349 2108 410 2164; x_wconf 84' lang='lat' dir='ltr'>dies</span> <span class='ocrx_word' id='word_1_149' title='bbox 433 2107 606 2163; x_wconf 82' lang='lat' dir='ltr'>terribiliter</span> <span class='ocrx_word' id='word_1_150' title='bbox 629 2117 768 2161; x_wconf 78' lang='lat' dir='ltr'>venturus</span> <span class='ocrx_word' id='word_1_151' title='bbox 790 2123 853 2162; x_wconf 89' lang='lat' dir='ltr'>esse</span> <span class='ocrx_word' id='word_1_152' title='bbox 867 2107 988 2161; x_wconf 80' lang='lat' dir='ltr'>auditur</span> <span class='ocrx_word' id='word_1_153' title='bbox 1010 2107 1061 2177; x_wconf 86' lang='lat' dir='ltr'>eis,</span> <span class='ocrx_word' id='word_1_154' title='bbox 1085 2109 1137 2184; x_wconf 84' lang='lat' dir='ltr'>qui</span> <span class='ocrx_word' id='word_1_155' title='bbox 1158 2110 1260 2166; x_wconf 89' lang='lat' dir='ltr'>securi</span> <span class='ocrx_word' id='word_1_156' title='bbox 1280 2128 1338 2167; x_wconf 88' lang='lat' dir='ltr'>esse</span> 
     </span>
     <span class='ocr_line' id='line_1_20' title="bbox 348 2187 1408 2273; baseline 0.006 -23"><span class='ocrx_word' id='word_1_157' title='bbox 348 2196 418 2251; x_wconf 85' lang='lat' dir='ltr'>bene</span> <span class='ocrx_word' id='word_1_158' title='bbox 441 2195 562 2249; x_wconf 76' lang='lat' dir='ltr'>uiuendo</span> <span class='ocrx_word' id='word_1_159' title='bbox 586 2194 687 2249; x_wconf 81' lang='lat' dir='ltr'>nolunt</span> <span class='ocrx_word' id='word_1_160' title='bbox 709 2204 737 2249; x_wconf 90' lang='lat' dir='ltr'>et</span> <span class='ocrx_word' id='word_1_161' title='bbox 760 2194 837 2249; x_wconf 81' lang='lat' dir='ltr'>male</span> <span class='ocrx_word' id='word_1_162' title='bbox 861 2194 958 2249; x_wconf 81' lang='lat' dir='ltr'>vivere</span> <span class='ocrx_word' id='word_1_163' title='bbox 977 2187 982 2273; x_wconf 67' lang='lat' dir='ltr'>l</span> <span class='ocrx_word' id='word_1_164' title='bbox 1003 2194 1061 2249; x_wconf 83' lang='lat' dir='ltr'>dici</span> <span class='ocrx_word' id='word_1_165' title='bbox 1085 2197 1195 2252; x_wconf 77' lang='lat' dir='ltr'>volunt.</span> <span class='ocrx_word' id='word_1_166' title='bbox 1224 2197 1338 2253; x_wconf 85' lang='lat' dir='ltr'>Utiliter</span> <span class='ocrx_word' id='word_1_167' title='bbox 1360 2187 1408 2256; x_wconf 52' lang='lat'>4²5³</span> 
     </span>
     <span class='ocr_line' id='line_1_21' title="bbox 349 2281 1374 2358; baseline 0.001 -20"><span class='ocrx_word' id='word_1_168' title='bbox 349 2294 443 2338; x_wconf 82' lang='lat' dir='ltr'>autem</span> <span class='ocrx_word' id='word_1_169' title='bbox 461 2282 541 2337; x_wconf 86' lang='lat' dir='ltr'>Deus</span> <span class='ocrx_word' id='word_1_170' title='bbox 565 2281 656 2336; x_wconf 78' lang='lat' dir='ltr'>latere</span> <span class='ocrx_word' id='word_1_171' title='bbox 680 2281 771 2335; x_wconf 82' lang='lat' dir='ltr'>voluit</span> <span class='ocrx_word' id='word_1_172' title='bbox 794 2281 875 2336; x_wconf 83' lang='lat' dir='ltr'>illum</span> <span class='ocrx_word' id='word_1_173' title='bbox 900 2281 975 2336; x_wconf 75' lang='lat' dir='ltr'>diem</span> <span class='ocrx_word' id='word_1_174' title='bbox 1000 2292 1031 2335; x_wconf 87' lang='lat' dir='ltr'>ut</span> <span class='ocrx_word' id='word_1_175' title='bbox 1050 2300 1168 2358; x_wconf 83' lang='lat' dir='ltr'>semper</span> <span class='ocrx_word' id='word_1_176' title='bbox 1191 2283 1229 2339; x_wconf 88' lang='lat' dir='ltr'>sit</span> <span class='ocrx_word' id='word_1_177' title='bbox 1249 2297 1374 2358; x_wconf 80' lang='lat' dir='ltr'>paro-²0</span> 
     </span>
     <span class='ocr_line' id='line_1_22' title="bbox 349 2368 1338 2443; baseline 0.001 -19"><span class='ocrx_word' id='word_1_178' title='bbox 349 2381 409 2424; x_wconf 85' lang='lat' dir='ltr'>tum</span> <span class='ocrx_word' id='word_1_179' title='bbox 443 2387 494 2424; x_wconf 88' lang='lat' dir='ltr'>cor</span> <span class='ocrx_word' id='word_1_180' title='bbox 521 2369 561 2422; x_wconf 75' lang='lat' dir='ltr'>ud</span> <span class='ocrx_word' id='word_1_181' title='bbox 592 2368 804 2442; x_wconf 62' lang='lat' dir='ltr'>expectandum</span> <span class='ocrx_word' id='word_1_182' title='bbox 837 2369 914 2442; x_wconf 85' lang='lat' dir='ltr'>quod</span> <span class='ocrx_word' id='word_1_183' title='bbox 943 2379 1096 2424; x_wconf 77' lang='lat' dir='ltr'>uenturum</span> <span class='ocrx_word' id='word_1_184' title='bbox 1131 2388 1195 2426; x_wconf 86' lang='lat' dir='ltr'>esse</span> <span class='ocrx_word' id='word_1_185' title='bbox 1226 2371 1290 2443; x_wconf 86' lang='lat' dir='ltr'>scit,</span> <span class='ocrx_word' id='word_1_186' title='bbox 1314 2382 1338 2427; x_wconf 90' lang='lat' dir='ltr'>et</span> 
     </span>
     <span class='ocr_line' id='line_1_23' title="bbox 350 2455 1338 2532; baseline 0.001 -22"><span class='ocrx_word' id='word_1_187' title='bbox 350 2457 465 2532; x_wconf 78' lang='lat' dir='ltr'>quaudo</span> <span class='ocrx_word' id='word_1_188' title='bbox 499 2466 649 2511; x_wconf 76' lang='lat' dir='ltr'>uenturum</span> <span class='ocrx_word' id='word_1_189' title='bbox 681 2455 718 2510; x_wconf 91' lang='lat' dir='ltr'>sit</span> <span class='ocrx_word' id='word_1_190' title='bbox 750 2455 848 2525; x_wconf 82' lang='lat' dir='ltr'>nescit,</span> <span class='ocrx_word' id='word_1_191' title='bbox 888 2455 953 2529; x_wconf 80' lang='lat' dir='ltr'>quia</span> <span class='ocrx_word' id='word_1_192' title='bbox 989 2473 1057 2511; x_wconf 84' lang='lat' dir='ltr'>vere</span> <span class='ocrx_word' id='word_1_193' title='bbox 1081 2457 1218 2513; x_wconf 84' lang='lat' dir='ltr'>dominus</span> <span class='ocrx_word' id='word_1_194' title='bbox 1240 2470 1338 2514; x_wconf 83' lang='lat' dir='ltr'>noster</span> 
     </span>
    </p>

    <p class='ocr_par' dir='ltr' id='par_1_7' title="bbox 349 2542 1379 3839">
     <span class='ocr_line' id='line_1_24' title="bbox 349 2542 1336 2620; baseline 0 -21"><span class='ocrx_word' id='word_1_195' title='bbox 349 2544 432 2599; x_wconf 83' lang='lat' dir='ltr'>Jesus</span> <span class='ocrx_word' id='word_1_196' title='bbox 460 2543 593 2598; x_wconf 85' lang='lat' dir='ltr'>Christus</span> <span class='ocrx_word' id='word_1_197' title='bbox 632 2542 776 2618; x_wconf 72' lang='lat' dir='ltr'>magister</span> <span class='ocrx_word' id='word_1_198' title='bbox 807 2542 887 2596; x_wconf 82' lang='lat' dir='ltr'>nobis</span> <span class='ocrx_word' id='word_1_199' title='bbox 911 2542 1015 2597; x_wconf 84' lang='lat' dir='ltr'>missus</span> <span class='ocrx_word' id='word_1_200' title='bbox 1047 2556 1099 2615; x_wconf 88' lang='lat' dir='ltr'>est,</span> <span class='ocrx_word' id='word_1_201' title='bbox 1129 2544 1221 2600; x_wconf 83' lang='lat' dir='ltr'>eciam</span> <span class='ocrx_word' id='word_1_202' title='bbox 1238 2545 1336 2620; x_wconf 82' lang='lat' dir='ltr'>filium</span> 
     </span>
     <span class='ocr_line' id='line_1_25' title="bbox 352 2629 1338 2708; baseline 0.003 -23"><span class='ocrx_word' id='word_1_203' title='bbox 352 2630 475 2686; x_wconf 78' lang='lat' dir='ltr'>hominis</span> <span class='ocrx_word' id='word_1_204' title='bbox 499 2630 575 2685; x_wconf 79' lang='lat' dir='ltr'>dixit</span> <span class='ocrx_word' id='word_1_205' title='bbox 591 2629 702 2684; x_wconf 85' lang='lat' dir='ltr'>nescire</span> <span class='ocrx_word' id='word_1_206' title='bbox 724 2629 807 2684; x_wconf 84' lang='lat' dir='ltr'>illum</span> <span class='ocrx_word' id='word_1_207' title='bbox 829 2629 915 2697; x_wconf 78' lang='lat' dir='ltr'>diem,</span> <span class='ocrx_word' id='word_1_208' title='bbox 939 2629 1005 2704; x_wconf 77' lang='lat' dir='ltr'>quia</span> <span class='ocrx_word' id='word_1_209' title='bbox 1028 2630 1056 2684; x_wconf 82' lang='lat' dir='ltr'>iu</span> <span class='ocrx_word' id='word_1_210' title='bbox 1081 2631 1256 2708; x_wconf 80' lang='lat' dir='ltr'>magisterio</span> <span class='ocrx_word' id='word_1_211' title='bbox 1280 2635 1338 2688; x_wconf 84' lang='lat' dir='ltr'>eius</span> 
     </span>
     <span class='ocr_line' id='line_1_26' title="bbox 351 2716 1375 2793; baseline 0.002 -21"><span class='ocrx_word' id='word_1_212' title='bbox 351 2737 407 2773; x_wconf 82' lang='lat' dir='ltr'>nort</span> <span class='ocrx_word' id='word_1_213' title='bbox 430 2728 503 2785; x_wconf 84' lang='lat' dir='ltr'>erat,</span> <span class='ocrx_word' id='word_1_214' title='bbox 527 2728 558 2771; x_wconf 84' lang='lat' dir='ltr'>ut</span> <span class='ocrx_word' id='word_1_215' title='bbox 578 2734 634 2791; x_wconf 82' lang='lat' dir='ltr'>per</span> <span class='ocrx_word' id='word_1_216' title='bbox 657 2734 721 2771; x_wconf 86' lang='lat' dir='ltr'>eum</span> <span class='ocrx_word' id='word_1_217' title='bbox 738 2716 864 2772; x_wconf 87' lang='lat' dir='ltr'>sciretur</span> <span class='ocrx_word' id='word_1_218' title='bbox 886 2735 903 2771; x_wconf 86' lang='lat' dir='ltr'><strong><em>a</em></strong></span> <span class='ocrx_word' id='word_1_219' title='bbox 928 2717 1025 2785; x_wconf 85' lang='lat' dir='ltr'>uobis;</span> <span class='ocrx_word' id='word_1_220' title='bbox 1047 2736 1136 2793; x_wconf 82' lang='lat' dir='ltr'>neque</span> <span class='ocrx_word' id='word_1_221' title='bbox 1159 2719 1234 2774; x_wconf 83' lang='lat' dir='ltr'>enirn</span> <span class='ocrx_word' id='word_1_222' title='bbox 1258 2720 1375 2784; x_wconf 74' lang='lat' dir='ltr'>aliud25</span> 
     </span>
     <span class='ocr_line' id='line_1_27' title="bbox 350 2802 1337 2880; baseline 0 -20"><span class='ocrx_word' id='word_1_223' title='bbox 350 2805 404 2862; x_wconf 89' lang='lat' dir='ltr'>scit</span> <span class='ocrx_word' id='word_1_224' title='bbox 424 2815 512 2880; x_wconf 83' lang='lat' dir='ltr'>pater</span> <span class='ocrx_word' id='word_1_225' title='bbox 533 2805 611 2879; x_wconf 84' lang='lat' dir='ltr'>quod</span> <span class='ocrx_word' id='word_1_226' title='bbox 625 2802 710 2879; x_wconf 84' lang='lat' dir='ltr'>filius</span> <span class='ocrx_word' id='word_1_227' title='bbox 734 2803 832 2874; x_wconf 80' lang='lat' dir='ltr'>nescit,</span> <span class='ocrx_word' id='word_1_228' title='bbox 856 2822 920 2859; x_wconf 86' lang='lat' dir='ltr'>cum</span> <span class='ocrx_word' id='word_1_229' title='bbox 945 2804 996 2859; x_wconf 82' lang='lat' dir='ltr'>illa</span> <span class='ocrx_word' id='word_1_230' title='bbox 1019 2805 1144 2860; x_wconf 83' lang='lat' dir='ltr'>sciencia</span> <span class='ocrx_word' id='word_1_231' title='bbox 1165 2806 1266 2880; x_wconf 80' lang='lat' dir='ltr'>patris</span> <span class='ocrx_word' id='word_1_232' title='bbox 1288 2807 1337 2861; x_wconf 79' lang='lat' dir='ltr'>illa</span> 
     </span>
     <span class='ocr_line' id='line_1_28' title="bbox 350 2890 1338 2968; baseline 0.002 -21"><span class='ocrx_word' id='word_1_233' title='bbox 350 2893 386 2947; x_wconf 89' lang='lat' dir='ltr'>sit</span> <span class='ocrx_word' id='word_1_234' title='bbox 409 2910 463 2966; x_wconf 83' lang='lat' dir='ltr'>que</span> <span class='ocrx_word' id='word_1_235' title='bbox 478 2890 623 2966; x_wconf 80' lang='lat' dir='ltr'>sapiencia</span> <span class='ocrx_word' id='word_1_236' title='bbox 646 2890 716 2959; x_wconf 85' lang='lat' dir='ltr'>eius,</span> <span class='ocrx_word' id='word_1_237' title='bbox 739 2902 782 2946; x_wconf 91' lang='lat' dir='ltr'>est</span> <span class='ocrx_word' id='word_1_238' title='bbox 796 2901 891 2946; x_wconf 80' lang='lat' dir='ltr'>autem</span> <span class='ocrx_word' id='word_1_239' title='bbox 916 2891 1061 2965; x_wconf 78' lang='lat' dir='ltr'>sapiencia</span> <span class='ocrx_word' id='word_1_240' title='bbox 1085 2893 1145 2948; x_wconf 86' lang='lat' dir='ltr'>eius</span> <span class='ocrx_word' id='word_1_241' title='bbox 1159 2892 1246 2968; x_wconf 82' lang='lat' dir='ltr'>filius</span> <span class='ocrx_word' id='word_1_242' title='bbox 1270 2894 1338 2963; x_wconf 88' lang='lat' dir='ltr'>eius,</span> 
     </span>
     <span class='ocr_line' id='line_1_29' title="bbox 352 2977 1339 3057; baseline 0.001 -23"><span class='ocrx_word' id='word_1_243' title='bbox 352 2980 470 3034; x_wconf 77' lang='lat' dir='ltr'>verbum</span> <span class='ocrx_word' id='word_1_244' title='bbox 495 2979 564 3036; x_wconf 86' lang='lat' dir='ltr'>eius.</span> <span class='ocrx_word' id='word_1_245' title='bbox 604 2978 663 3033; x_wconf 79' lang='lat' dir='ltr'>Sed</span> <span class='ocrx_word' id='word_1_246' title='bbox 699 2977 766 3052; x_wconf 83' lang='lat' dir='ltr'>quia</span> <span class='ocrx_word' id='word_1_247' title='bbox 797 2979 873 3033; x_wconf 88' lang='lat' dir='ltr'>scire</span> <span class='ocrx_word' id='word_1_248' title='bbox 905 2978 985 3032; x_wconf 83' lang='lat' dir='ltr'>uobis</span> <span class='ocrx_word' id='word_1_249' title='bbox 1018 2997 1072 3035; x_wconf 84' lang='lat' dir='ltr'>uon</span> <span class='ocrx_word' id='word_1_250' title='bbox 1093 2980 1241 3054; x_wconf 78' lang='lat' dir='ltr'>proderat</span> <span class='ocrx_word' id='word_1_251' title='bbox 1263 2981 1339 3057; x_wconf 82' lang='lat' dir='ltr'>quod</span> 
     </span>
     <span class='ocr_line' id='line_1_30' title="bbox 350 3065 1338 3141; baseline 0.001 -21"><span class='ocrx_word' id='word_1_252' title='bbox 350 3067 465 3141; x_wconf 85' lang='lat' dir='ltr'>quidem</span> <span class='ocrx_word' id='word_1_253' title='bbox 498 3066 547 3120; x_wconf 91' lang='lat' dir='ltr'>ille</span> <span class='ocrx_word' id='word_1_254' title='bbox 569 3076 692 3120; x_wconf 79' lang='lat' dir='ltr'>nouerat</span> <span class='ocrx_word' id='word_1_255' title='bbox 714 3065 763 3139; x_wconf 83' lang='lat' dir='ltr'>qui</span> <span class='ocrx_word' id='word_1_256' title='bbox 785 3067 890 3121; x_wconf 75' lang='lat' dir='ltr'>docere</span> <span class='ocrx_word' id='word_1_257' title='bbox 918 3083 969 3120; x_wconf 86' lang='lat' dir='ltr'>nos</span> <span class='ocrx_word' id='word_1_258' title='bbox 993 3077 1122 3135; x_wconf 80' lang='lat' dir='ltr'>venerat,</span> <span class='ocrx_word' id='word_1_259' title='bbox 1163 3078 1338 3122; x_wconf 79' lang='lat' dir='ltr'>nontamen</span> 
     </span>
     <span class='ocr_line' id='line_1_31' title="bbox 352 3152 1378 3228; baseline -0.003 -20"><span class='ocrx_word' id='word_1_260' title='bbox 352 3155 406 3209; x_wconf 86' lang='lat' dir='ltr'>hoc</span> <span class='ocrx_word' id='word_1_261' title='bbox 432 3154 508 3228; x_wconf 85' lang='lat' dir='ltr'>quod</span> <span class='ocrx_word' id='word_1_262' title='bbox 535 3152 615 3208; x_wconf 84' lang='lat' dir='ltr'>uobis</span> <span class='ocrx_word' id='word_1_263' title='bbox 643 3170 726 3208; x_wconf 87' lang='lat' dir='ltr'>nosse</span> <span class='ocrx_word' id='word_1_264' title='bbox 757 3172 812 3208; x_wconf 83' lang='lat' dir='ltr'>nou</span> <span class='ocrx_word' id='word_1_265' title='bbox 833 3164 951 3227; x_wconf 81' lang='lat' dir='ltr'>poterat</span> <span class='ocrx_word' id='word_1_266' title='bbox 979 3171 1034 3208; x_wconf 84' lang='lat' dir='ltr'>non</span> <span class='ocrx_word' id='word_1_267' title='bbox 1057 3154 1154 3208; x_wconf 85' lang='lat' dir='ltr'>solum</span> <span class='ocrx_word' id='word_1_268' title='bbox 1177 3153 1254 3210; x_wconf 85' lang='lat' dir='ltr'>sicut</span> <span class='ocrx_word' id='word_1_269' title='bbox 1277 3155 1378 3209; x_wconf 78' lang='lat' dir='ltr'>mci-30</span> 
     </span>
     <span class='ocr_line' id='line_1_32' title="bbox 352 3240 1338 3317; baseline 0 -22"><span class='ocrx_word' id='word_1_270' title='bbox 352 3241 447 3317; x_wconf 79' lang='lat' dir='ltr'>gislei·</span> <span class='ocrx_word' id='word_1_271' title='bbox 483 3241 595 3314; x_wconf 74' lang='lat' dir='ltr'>aliquid</span> <span class='ocrx_word' id='word_1_272' title='bbox 629 3240 736 3307; x_wconf 79' lang='lat' dir='ltr'>docuit,</span> <span class='ocrx_word' id='word_1_273' title='bbox 775 3241 827 3296; x_wconf 79' lang='lat' dir='ltr'>sed</span> <span class='ocrx_word' id='word_1_274' title='bbox 860 3240 933 3295; x_wconf 85' lang='lat' dir='ltr'>sicut</span> <span class='ocrx_word' id='word_1_275' title='bbox 966 3240 1111 3315; x_wconf 79' lang='lat' dir='ltr'>ntugister</span> <span class='ocrx_word' id='word_1_276' title='bbox 1143 3241 1256 3315; x_wconf 81' lang='lat' dir='ltr'>aliquid</span> <span class='ocrx_word' id='word_1_277' title='bbox 1284 3260 1338 3297; x_wconf 85' lang='lat' dir='ltr'>nou</span> 
     </span>
     <span class='ocr_line' id='line_1_33' title="bbox 353 3327 1340 3404; baseline 0 -22"><span class='ocrx_word' id='word_1_278' title='bbox 353 3329 466 3396; x_wconf 85' lang='lat' dir='ltr'>docuit,·</span> <span class='ocrx_word' id='word_1_279' title='bbox 502 3339 648 3402; x_wconf 72' lang='lat' dir='ltr'>tanlquam</span> <span class='ocrx_word' id='word_1_280' title='bbox 674 3328 817 3404; x_wconf 78' lang='lat' dir='ltr'>magister</span> <span class='ocrx_word' id='word_1_281' title='bbox 848 3327 922 3382; x_wconf 83' lang='lat' dir='ltr'>euim</span> <span class='ocrx_word' id='word_1_282' title='bbox 946 3327 1053 3383; x_wconf 81' lang='lat' dir='ltr'>sciebat</span> <span class='ocrx_word' id='word_1_283' title='bbox 1082 3338 1110 3384; x_wconf 90' lang='lat' dir='ltr'>et</span> <span class='ocrx_word' id='word_1_284' title='bbox 1134 3329 1240 3384; x_wconf 84' lang='lat' dir='ltr'>docere</span> <span class='ocrx_word' id='word_1_285' title='bbox 1264 3329 1340 3403; x_wconf 75' lang='lat' dir='ltr'>quod</span> 
     </span>
     <span class='ocr_line' id='line_1_34' title="bbox 349 3413 1338 3490; baseline 0.002 -23"><span class='ocrx_word' id='word_1_286' title='bbox 349 3417 495 3490; x_wconf 79' lang='lat' dir='ltr'>proderat</span> <span class='ocrx_word' id='word_1_287' title='bbox 518 3426 546 3470; x_wconf 93' lang='lat' dir='ltr'>et</span> <span class='ocrx_word' id='word_1_288' title='bbox 569 3432 624 3468; x_wconf 84' lang='lat' dir='ltr'>uon</span> <span class='ocrx_word' id='word_1_289' title='bbox 648 3415 753 3470; x_wconf 85' lang='lat' dir='ltr'>docere</span> <span class='ocrx_word' id='word_1_290' title='bbox 780 3414 857 3489; x_wconf 79' lang='lat' dir='ltr'>quod</span> <span class='ocrx_word' id='word_1_291' title='bbox 880 3415 990 3485; x_wconf 82' lang='lat' dir='ltr'>oberat,</span> <span class='ocrx_word' id='word_1_292' title='bbox 1029 3413 1070 3469; x_wconf 84' lang='lat' dir='ltr'>sic</span> <span class='ocrx_word' id='word_1_293' title='bbox 1093 3425 1188 3470; x_wconf 82' lang='lat' dir='ltr'>autem</span> <span class='ocrx_word' id='word_1_294' title='bbox 1214 3417 1338 3489; x_wconf 82' lang='lat' dir='ltr'>quodem</span> 
     </span>
     <span class='ocr_line' id='line_1_35' title="bbox 354 3500 1339 3578; baseline 0.001 -21"><span class='ocrx_word' id='word_1_295' title='bbox 354 3502 510 3558; x_wconf 85' lang='lat' dir='ltr'>locucionis</span> <span class='ocrx_word' id='word_1_296' title='bbox 531 3519 641 3578; x_wconf 77' lang='lat' dir='ltr'>genere</span> <span class='ocrx_word' id='word_1_297' title='bbox 665 3501 776 3557; x_wconf 86' lang='lat' dir='ltr'>nescire</span> <span class='ocrx_word' id='word_1_298' title='bbox 789 3500 875 3577; x_wconf 81' lang='lat' dir='ltr'>filius</span> <span class='ocrx_word' id='word_1_299' title='bbox 900 3501 1022 3556; x_wconf 77' lang='lat' dir='ltr'>hominis</span> <span class='ocrx_word' id='word_1_300' title='bbox 1046 3501 1153 3556; x_wconf 76' lang='lat' dir='ltr'>dicitur</span> <span class='ocrx_word' id='word_1_301' title='bbox 1182 3504 1261 3575; x_wconf 85' lang='lat' dir='ltr'>quod</span> <span class='ocrx_word' id='word_1_302' title='bbox 1285 3521 1339 3558; x_wconf 84' lang='lat' dir='ltr'>uon</span> 
     </span>
     <span class='ocr_line' id='line_1_36' title="bbox 354 3588 1379 3663; baseline -0.004 -19"><span class='ocrx_word' id='word_1_303' title='bbox 354 3591 444 3660; x_wconf 86' lang='lat' dir='ltr'>docet,</span> <span class='ocrx_word' id='word_1_304' title='bbox 469 3589 532 3644; x_wconf 83' lang='lat' dir='ltr'>ideo</span> <span class='ocrx_word' id='word_1_305' title='bbox 556 3589 666 3644; x_wconf 79' lang='lat' dir='ltr'>nescire</span> <span class='ocrx_word' id='word_1_306' title='bbox 690 3589 797 3644; x_wconf 82' lang='lat' dir='ltr'>dicitur</span> <span class='ocrx_word' id='word_1_307' title='bbox 818 3588 896 3663; x_wconf 82' lang='lat' dir='ltr'>quod</span> <span class='ocrx_word' id='word_1_308' title='bbox 919 3588 1030 3644; x_wconf 88' lang='lat' dir='ltr'>nescire</span> <span class='ocrx_word' id='word_1_309' title='bbox 1054 3607 1105 3644; x_wconf 88' lang='lat' dir='ltr'>nos</span> <span class='ocrx_word' id='word_1_310' title='bbox 1120 3589 1231 3662; x_wconf 80' lang='lat' dir='ltr'>saciat.</span> <span class='ocrx_word' id='word_1_311' title='bbox 1260 3589 1337 3658; x_wconf 86' lang='lat' dir='ltr'>Quo·</span> <span class='ocrx_word' id='word_1_312' title='bbox 1351 3589 1379 3640; x_wconf 75' lang='lat'>35</span> 
     </span>
     <span class='ocr_line' id='line_1_37' title="bbox 354 3675 1339 3750; baseline 0.002 -20"><span class='ocrx_word' id='word_1_313' title='bbox 354 3678 439 3732; x_wconf 79' lang='lat' dir='ltr'>modo</span> <span class='ocrx_word' id='word_1_314' title='bbox 463 3676 566 3732; x_wconf 83' lang='lat' dir='ltr'>cotidie</span> <span class='ocrx_word' id='word_1_315' title='bbox 591 3676 738 3750; x_wconf 80' lang='lat' dir='ltr'>loquimur</span> <span class='ocrx_word' id='word_1_316' title='bbox 761 3675 847 3730; x_wconf 78' lang='lat' dir='ltr'>modo</span> <span class='ocrx_word' id='word_1_317' title='bbox 873 3676 997 3750; x_wconf 83' lang='lat' dir='ltr'>quodum</span> <span class='ocrx_word' id='word_1_318' title='bbox 1032 3687 1062 3730; x_wconf 84' lang='lat' dir='ltr'>ut</span> <span class='ocrx_word' id='word_1_319' title='bbox 1086 3676 1150 3731; x_wconf 85' lang='lat' dir='ltr'>dixi</span> <span class='ocrx_word' id='word_1_320' title='bbox 1173 3676 1339 3747; x_wconf 57' lang='lat' dir='ltr'>locucionis</span> 
     </span>
     <span class='ocr_line' id='line_1_38' title="bbox 354 3763 1339 3839; baseline 0 -21"><span class='ocrx_word' id='word_1_321' title='bbox 354 3765 441 3819; x_wconf 86' lang='lat' dir='ltr'>letum</span> <span class='ocrx_word' id='word_1_322' title='bbox 466 3763 551 3831; x_wconf 82' lang='lat' dir='ltr'>dietri,</span> <span class='ocrx_word' id='word_1_323' title='bbox 584 3763 649 3837; x_wconf 80' lang='lat' dir='ltr'>quia</span> <span class='ocrx_word' id='word_1_324' title='bbox 683 3767 754 3818; x_wconf 89' lang='lat' dir='ltr'>letos</span> <span class='ocrx_word' id='word_1_325' title='bbox 778 3780 829 3817; x_wconf 86' lang='lat' dir='ltr'>nos</span> <span class='ocrx_word' id='word_1_326' title='bbox 852 3763 942 3837; x_wconf 81' lang='lat' dir='ltr'>sacit,</span> <span class='ocrx_word' id='word_1_327' title='bbox 975 3773 1002 3817; x_wconf 91' lang='lat' dir='ltr'>et</span> <span class='ocrx_word' id='word_1_328' title='bbox 1024 3763 1137 3817; x_wconf 87' lang='lat' dir='ltr'>tristem</span> <span class='ocrx_word' id='word_1_329' title='bbox 1163 3763 1250 3835; x_wconf 85' lang='lat' dir='ltr'>diem,</span> <span class='ocrx_word' id='word_1_330' title='bbox 1274 3764 1339 3839; x_wconf 78' lang='lat' dir='ltr'>quie</span> 
     </span>
    </p>
   </div>
   <div class='ocr_carea' id='block_1_3' title="bbox 354 3849 1339 3927">
    <p class='ocr_par' dir='ltr' id='par_1_8' title="bbox 354 3849 1339 3927">
     <span class='ocr_line' id='line_1_39' title="bbox 354 3849 1339 3927; baseline -0.002 -21"><span class='ocrx_word' id='word_1_331' title='bbox 354 3852 453 3906; x_wconf 87' lang='lat' dir='ltr'>tristes</span> <span class='ocrx_word' id='word_1_332' title='bbox 469 3869 520 3905; x_wconf 85' lang='lat' dir='ltr'>nos</span> <span class='ocrx_word' id='word_1_333' title='bbox 537 3850 625 3924; x_wconf 82' lang='lat' dir='ltr'>fucit,</span> <span class='ocrx_word' id='word_1_334' title='bbox 649 3859 675 3904; x_wconf 88' lang='lat' dir='ltr'>et</span> <span class='ocrx_word' id='word_1_335' title='bbox 692 3850 799 3926; x_wconf 80' lang='lat' dir='ltr'>frigus</span> <span class='ocrx_word' id='word_1_336' title='bbox 811 3850 944 3927; x_wconf 77' lang='lat' dir='ltr'>pigrum,</span> <span class='ocrx_word' id='word_1_337' title='bbox 967 3850 1032 3923; x_wconf 82' lang='lat' dir='ltr'>quia</span> <span class='ocrx_word' id='word_1_338' title='bbox 1053 3849 1160 3926; x_wconf 79' lang='lat' dir='ltr'>pigros</span> <span class='ocrx_word' id='word_1_339' title='bbox 1182 3868 1235 3906; x_wconf 86' lang='lat' dir='ltr'>uos</span> <span class='ocrx_word' id='word_1_340' title='bbox 1248 3851 1339 3926; x_wconf 75' lang='lat' dir='ltr'>jacit,</span> 
     </span>
    </p>
   </div>
   <div class='ocr_carea' id='block_1_4' title="bbox 356 4200 1340 4311">
    <p class='ocr_par' dir='ltr' id='par_1_9' title="bbox 356 4200 1340 4311">
     <span class='ocr_line' id='line_1_40' title="bbox 408 4200 1340 4257; baseline -0.001 -12"><span class='ocrx_word' id='word_1_341' title='bbox 408 4216 428 4257; x_wconf 88' lang='lat'>7.</span> <span class='ocrx_word' id='word_1_342' title='bbox 443 4207 464 4245; x_wconf 80' lang='lat' dir='ltr'>A</span> <span class='ocrx_word' id='word_1_343' title='bbox 484 4204 506 4245; x_wconf 86' lang='lat' dir='ltr'>in</span> <span class='ocrx_word' id='word_1_344' title='bbox 524 4213 610 4256; x_wconf 83' lang='lat' dir='ltr'>murg.:</span> <span class='ocrx_word' id='word_1_345' title='bbox 625 4201 751 4246; x_wconf 74' lang='lat' dir='ltr'>lohannes.</span> <span class='ocrx_word' id='word_1_346' title='bbox 811 4214 841 4250; x_wconf 72' lang='lat'>¹4·</span> <span class='ocrx_word' id='word_1_347' title='bbox 858 4202 890 4242; x_wconf 81' lang='lat' dir='ltr'>A:</span> <span class='ocrx_word' id='word_1_348' title='bbox 908 4200 955 4243; x_wconf 83' lang='lat' dir='ltr'>Nec</span> <span class='ocrx_word' id='word_1_349' title='bbox 968 4203 1053 4251; x_wconf 55' lang='lat' dir='ltr'>‘tudem</span> <span class='ocrx_word' id='word_1_350' title='bbox 1068 4201 1097 4243; x_wconf 90' lang='lat' dir='ltr'>ib.</span> <span class='ocrx_word' id='word_1_351' title='bbox 1113 4202 1134 4243; x_wconf 83' lang='grc' dir='ltr'><strong>Α</strong></span> <span class='ocrx_word' id='word_1_352' title='bbox 1149 4201 1172 4243; x_wconf 86' lang='lat' dir='ltr'>in</span> <span class='ocrx_word' id='word_1_353' title='bbox 1189 4213 1278 4257; x_wconf 52' lang='lat' dir='ltr'>murga</span> <span class='ocrx_word' id='word_1_354' title='bbox 1293 4203 1340 4246; x_wconf 79' lang='lat' dir='ltr'>Au·</span> 
     </span>
     <span class='ocr_line' id='line_1_41' title="bbox 356 4256 758 4311; baseline -0.007 -13"><span class='ocrx_word' id='word_1_355' title='bbox 356 4256 472 4311; x_wconf 73' lang='lat' dir='ltr'>guttinus.</span> <span class='ocrx_word' id='word_1_356' title='bbox 541 4266 575 4308; x_wconf 76' lang='lat' dir='ltr'>to.</span> <span class='ocrx_word' id='word_1_357' title='bbox 591 4259 627 4296; x_wconf 75' lang='lat' dir='ltr'>A:</span> <span class='ocrx_word' id='word_1_358' title='bbox 643 4266 688 4295; x_wconf 78' lang='lat' dir='ltr'>non</span> <span class='ocrx_word' id='word_1_359' title='bbox 704 4258 758 4295; x_wconf 83' lang='lat' dir='ltr'>tam.</span> 
     </span>
    </p>
   </div>
   <div class='ocr_carea' id='block_1_5' title="bbox 413 4396 1105 4462">
    <p class='ocr_par' dir='ltr' id='par_1_10' title="bbox 413 4396 1105 4462">
     <span class='ocr_line' id='line_1_42' title="bbox 413 4396 1105 4462; baseline -0.004 -15"><span class='ocrx_word' id='word_1_360' title='bbox 413 4416 449 4462; x_wconf 85' lang='lat'>¹4·</span> <span class='ocrx_word' id='word_1_361' title='bbox 469 4400 513 4448; x_wconf 81' lang='lat' dir='ltr'>Sti.</span> <span class='ocrx_word' id='word_1_362' title='bbox 534 4397 670 4462; x_wconf 83' lang='lat' dir='ltr'>Augustini</span> <span class='ocrx_word' id='word_1_363' title='bbox 691 4397 760 4462; x_wconf 89' lang='lat' dir='ltr'><strong>Opp.</strong></span> <span class='ocrx_word' id='word_1_364' title='bbox 780 4408 842 4445; x_wconf 87' lang='lat' dir='ltr'>tom.</span> <span class='ocrx_word' id='word_1_365' title='bbox 863 4397 905 4457; x_wconf 91' lang='lat' dir='ltr'>lV,</span> <span class='ocrx_word' id='word_1_366' title='bbox 929 4411 948 4457; x_wconf 84' lang='lat' dir='ltr'>t,</span> <span class='ocrx_word' id='word_1_367' title='bbox 968 4412 1026 4462; x_wconf 79' lang='lat' dir='ltr'><strong>pag.</strong></span> <span class='ocrx_word' id='word_1_368' title='bbox 1046 4396 1105 4461; x_wconf 83' lang='lat'><strong>257.</strong></span> 
     </span>
    </p>
   </div>
   <div class='ocr_carea' id='block_1_6' title="bbox 0 0 1532 5130">
    <p class='ocr_par' dir='ltr' id='par_1_11' title="bbox 0 0 1532 5130">
     <span class='ocr_line' id='line_1_43' title="bbox 0 0 1532 5130; baseline 0 0"><span class='ocrx_word' id='word_1_369' title='bbox 0 0 1532 5130; x_wconf 95' lang='lat' dir='ltr'> </span> 
     </span>
    </p>
   </div>
  </div>
 </body>
</html>
