3098 5130
166 517 233 560 CAP·
249 503 346 586 ΧΧΙΙΙ]
443 520 487 569 DE
509 519 744 569 ANTICHRISTO
766 520 829 568 ΗΒ.
849 521 866 568 Ι.

165 693 215 738 aut
231 681 356 756 aliquem
373 680 621 757 concupiscibilem
634 679 752 735 cibum?
768 690 798 734 ut
814 679 840 735 si
854 679 968 755 quidem
985 698 1089 736 servus
1105 681 1154 737 ille

166 769 343 826 incontinens
358 768 457 843 suerit
481 778 508 823 et
531 767 592 824 sine
614 766 729 838 timore,
754 767 897 844 porrigat
929 786 1046 822 manum
1070 786 1153 824 suam

166 869 193 912 et
216 857 340 933 accipiat
363 856 438 911 inde.
469 854 618 930 Numquid
640 864 670 909 tu
695 854 772 909 male
787 854 914 928 jecisti?
937 855 993 909 Aut
1017 854 1156 930 numquid

166 957 195 1000 tu
213 943 336 1021 coegisti
350 942 433 998 illum
451 955 481 998 ut
495 942 616 1017 faceret
637 941 736 996 male?
758 942 812 997 sed
822 941 994 1017 propalasti
1008 941 1154 998 maliciam

141 1032 235 1088 §eius
269 1031 317 1088 Sic
340 1041 368 1086 et
390 1030 472 1086 Deus
504 1030 578 1085 dans
611 1028 775 1085 hominibus
798 1029 976 1085 occasionem
1002 1029 1155 1105 peccandi,

165 1120 192 1176 si
205 1136 330 1194 peccare
347 1117 492 1174 voluerint
515 1135 571 1172 non
593 1116 669 1185 illos,
684 1115 898 1191 peccarejacit
913 1116 966 1172 sed
987 1116 1155 1192 manifestat

163 1205 358 1283 pertinaciam
383 1204 482 1261 cordis
506 1221 617 1260 eorum.
644 1203 706 1259 Hec
730 1201 946 1260 Crisostomus.

210 1291 337 1348 Videtur
376 1310 410 1349 ex
448 1290 546 1347 verbis
584 1289 670 1346 istius
708 1289 804 1346 sancti
844 1308 933 1365 posse
971 1288 1039 1350 elici
1073 1287 1370 1386 quod00231fl03t⁸01¹¹0

167 1378 328 1454 generacio
353 1377 523 1477 reproba
516 1397 547 1434 ιιι
580 1376 638 1433 isto
670 1391 780 1434 octavo
803 1378 846 1433 Ve
870 1376 960 1434 hodie
984 1376 1156 1451 specialiter
1175 1347 1360 1446 cxisictocrgooa

126 1490 156 1524 ιο
168 1465 333 1537 invalescit,
351 1465 422 1541 quia
439 1477 560 1522 sanctos
573 1477 719 1538 martyres
735 1464 852 1539 priores
870 1465 973 1521 colunt
989 1463 1155 1539 ypocritice
1237 1445 1303 1487 Μ

168 1568 195 1611 et
219 1552 276 1629 ipsi
299 1566 368 1610 sunt
393 1552 444 1628 qui
468 1551 578 1610 callide
610 1551 687 1608 alios
711 1550 917 1625 martyrizant,
951 1565 984 1608 ut
1012 1564 1096 1625 patet
1119 1552 1156 1608 de

168 1643 304 1697 Romana
329 1638 423 1712 curia,
449 1638 600 1715 episcopis
624 1651 652 1695 et
680 1638 746 1696 aliis
766 1638 1017 1714 persequentibus
1043 1637 1155 1710 fideles,

167 1727 237 1803 quia
272 1729 416 1801 detegunt
448 1727 544 1801 legem
569 1725 690 1783 Christi.
726 1727 786 1783 Sed
810 1725 865 1782 iste
890 1740 1012 1783 sanctus
1035 1725 1156 1782 videtur

167 1817 239 1872 dare
277 1814 468 1889 generacioni
501 1813 577 1870 iuste
612 1811 856 1871 consolacionem
896 1812 928 1869 in
966 1813 1035 1885 isto,
1075 1814 1156 1887 quod

126 1901 284 1960 15videtur
316 1901 415 1976 ipsum
440 1900 638 1971 sentenciare,
672 1902 754 1974 quod
778 1903 858 1957 Deus
886 1900 1008 1958 ordinat
1033 1917 1156 1974 genera-

167 1989 286 2046 cionem
311 1991 390 2046 hanc
406 1990 568 2063 reprobam
586 2006 654 2044 cum
677 1987 876 2061 generacione
900 1988 980 2045 iusta
1003 1986 1155 2044 viancium

168 2075 369 2146 commisceri,
409 2089 441 2132 ut
486 2074 647 2150 generacio
690 2075 769 2132 iusta
815 2074 1007 2132 occasionem
1056 2074 1155 2131 meriti

167 2162 298 2237 accipIat
322 2181 355 2219 ex
380 2161 524 2219 mixtione
547 2161 756 2236 generacionis
773 2164 903 2237 reprobe
926 2180 1154 2236 perversorum,

167 2250 236 2307 ideo
260 2270 328 2307 cum
354 2269 447 2325 opera
471 2251 560 2306 debet
593 2248 689 2306 fidelis
713 2250 878 2319 attendere,
903 2267 940 2306 ne
963 2248 1156 2322 generationi

123 2363 156 2396 ιο
167 2336 216 2394 isti
240 2356 379 2412 perverse
403 2336 587 2406 consenciat,
612 2338 664 2394 sed
688 2349 758 2409 agat
774 2335 901 2392 viriliter
917 2335 948 2392 in
970 2354 1023 2409 spe
1047 2334 1155 2409 premii

167 2438 275 2483 contra
298 2424 389 2498 ipsos.
423 2427 460 2480 Et
489 2423 531 2480 sic
565 2426 644 2480 Deus
673 2423 752 2480 videt
785 2421 980 2480 occasionem
1008 2422 1156 2497 peccandi

167 2526 196 2568 et
229 2525 331 2570 tamen
364 2530 427 2567 non
460 2510 541 2586 ipsos
575 2510 736 2568 necessitat
768 2511 808 2567 ad
845 2510 1046 2585 peccandum,
1085 2508 1156 2584 quia

167 2598 244 2657 sicut
262 2614 305 2656 est
322 2599 434 2655 iustum
452 2600 533 2674 quod
545 2601 625 2655 Deus
642 2596 799 2672 provideat
811 2597 872 2654 suis
884 2596 953 2654 filiis
963 2595 1154 2654 occasionem

168 2686 290 2744 racione
314 2685 400 2743 cuius
424 2685 641 2742 beatitudinem
660 2699 843 2756 mereantur,
867 2685 910 2742 sic
933 2684 1052 2741 videtur
1075 2684 1156 2740 hunc

125 2785 306 2835 25sanctum
340 2773 452 2830 sentire
485 2775 567 2847 quod
591 2775 671 2829 Deus
700 2772 776 2829 iuste
800 2772 938 2846 providet
962 2769 1155 2829 occasionem

168 2879 294 2936 peccare
317 2859 497 2931 volentibus,
522 2862 601 2917 unde
625 2873 768 2934 poterunt
791 2858 814 2916 si
839 2858 990 2917 voluerint
1013 2876 1153 2934 peccare,

167 2966 222 3005 nec
256 2947 335 3004 istud
365 2947 476 3004 iustum
502 2960 546 3004 est
580 2948 692 3004 malum
717 2946 895 3017 formaliter,
929 2946 998 3003 licet
1030 2944 1156 3021 quidam

168 3035 246 3092 male
269 3035 402 3110 poterint
425 3034 482 3091 isto
507 3034 559 3091 uti.

521 3257 626 3322 CAP.
649 3255 793 3320 XXIII.

124 3404 156 3451 ἰο
210 3385 415 3442 crisostomus
453 3397 554 3441 autem
593 3383 787 3458 prosequitur
826 3385 905 3439 hunc
949 3394 1061 3439 testum
1100 3383 1155 3437 sub
1174 3375 1358 3470 Tcffitffl'ffltss

168 3471 225 3545 hiis
258 3471 370 3529 serbis:
407 3472 443 3528 llt
468 3472 562 3527 veniat
594 3489 683 3547 super
716 3489 766 3527 vos
799 3470 891 3526 omnis
919 3469 1042 3546 sanguis
1064 3468 1156 3524 iustus
1167 3487 1206 3521 not
1222 3481 1276 3536 onty
1291 3488 1314 3522 ιο
1330 3481 1368 3522 nn

168 3572 234 3631 etc.‚
259 3560 289 3614 id
312 3570 364 3629 est,
397 3578 453 3616 non
477 3570 588 3615 tantum
611 3576 700 3634 super
723 3557 828 3613 Iudeos
859 3557 908 3654 qui
929 3557 987 3611 iam
1012 3574 1066 3611 non
1089 3531 1368 3627 suut1heR¹ss{,J,‘³d⁸¹¹

167 3648 220 3703 sed
242 3665 331 3722 super
366 3664 417 3702 uos
449 3647 543 3703 malos
566 3645 735 3702 homicidas.
771 3646 847 3700 Nam
877 3643 906 3702 in
930 3654 1061 3717 tempore
1084 3642 1157 3697 Abel

169 3733 252 3789 ludei
283 3734 397 3808 quidem
422 3752 477 3789 nou
503 3734 641 3808 suerunt,
675 3733 747 3788 mali
777 3743 873 3787 autem
900 3731 1037 3806 suerunt.
1077 3729 1154 3784 Nam

125 3831 306 3896 35quantum
330 3821 369 3875 ad
401 3820 540 3886 homines,
564 3821 654 3876 multe
676 3830 742 3875 sunt
764 3818 975 3897 generacioues
997 3817 1154 3874 secundum

169 3909 354 3964 diversitates
370 3919 532 3979 terrarum,
555 3908 608 3963 sed
630 3917 766 3983 quantum
784 3908 824 3961 ad
839 3907 934 3961 Deum
952 3906 1008 3961 due
1029 3921 1154 3981 genera-

169 3995 265 4052 ciones
296 4005 371 4068 sunt,
406 4005 436 4050 ut
456 4006 539 4070 puta,
567 4013 625 4071 per
655 3994 790 4072 singulas
816 3991 1025 4071 generaciones
1048 3991 1156 4048 sanctis

219 4285 238 4329 5.
252 4286 288 4329 A:
304 4285 449 4328 occisionem.
532 4294 563 4327 ar.
578 4282 670 4327 eota:
686 4288 711 4326 ut
723 4282 763 4326 sic.
844 4280 879 4326 30.
894 4283 916 4325 Α
931 4281 954 4324 in
972 4293 1022 4324 mar
1039 4294 1060 4323 .:
1078 4277 1155 4324 Crisa-

168 4337 338 4389 stotnus,·}3in
358 4349 443 4391 marga
459 4347 500 4391 ²3-
568 4333 708 4379 32.A:etc.
723 4334 794 4378 deest.
861 4332 895 4377 36.
912 4333 1000 4376 Besed
1030 4341 1083 4376 cest.

222 4466 263 4516 30.
283 4465 334 4530 Op.
353 4465 420 4530 Imp.
439 4480 464 4530 p.
484 4465 544 4531 935.
563 4464 623 4527 (Ed.
642 4464 725 4514 Maur.
744 4464 827 4528 prima
846 4477 904 4526 pag.
924 4460 1046 4521 CXCIII).

912 4559 916 4567 .
999 4545 1038 4595 6*
