3098 5130
123 458 183 516 324
583 454 706 504 uentus
726 454 938 502 nvenerunt
960 454 1021 506 tiu.
1043 453 1084 503 tv,
1178 433 1257 523 [cor.
1277 450 1326 494 un.

338 616 422 671 lesus
445 616 578 670 turbatus
602 625 644 670 est
666 614 781 689 spiritu.
803 612 983 669 Firtnissinti
996 615 1189 689 suntquidem
1211 615 1327 670 christi·

153 712 231 755 christ
248 724 296 755 was
339 703 397 773 ani,
425 702 451 756 si
483 702 532 775 qui
557 713 633 772 sunt,
662 701 711 775 qui
737 719 915 776 nequaquam
946 713 1040 756 ntorte
1071 701 1236 757 imminente
1267 713 1328 756 tur-

142 764 311 870 {i‘e'uss'fg‘in'hbfff
340 790 455 848 bantur,
480 789 539 843 Sed
562 788 701 861 trttntqnid
721 787 839 843 Christo
854 788 1019 864 firmiores,
1044 788 1106 862 quis
1129 788 1182 843 ltoc
1208 788 1328 845 insanis-

157 869 295 912 ⁰⁰¹¹¹f⁰s¹⁰d=
340 876 430 931 sirnns
454 875 581 944 dixerim
613 875 682 949 quid
705 885 746 929 est
770 875 823 930 hoc
847 876 923 950 quod
952 875 1002 930 ille
1035 876 1168 931 turbatus
1202 889 1243 931 est
1276 876 1330 932 nisi

341 963 406 1038 quia
430 962 563 1035 infirmos
586 962 613 1017 in
637 981 690 1018 suo
714 979 848 1037 corpore,
874 962 926 1017 hoc
950 973 991 1018 est
1015 962 1042 1017 in
1065 963 1262 1033 snaecclesia,
1278 967 1353 1019 snei

340 1048 517 1127 infirmitatis
549 1050 714 1105 uoluntario
746 1049 934 1105 similitudine
966 1049 1131 1105 consolatus
1159 1062 1211 1121 est,
1243 1061 1274 1106 ut
1304 1051 1332 1107 si

339 1138 389 1214 qui
411 1155 530 1193 suorum
556 1137 652 1193 adhuc
677 1147 771 1191 morte
795 1136 959 1191 imminente
990 1137 1148 1191 turbantur
1171 1138 1199 1192 in
1223 1136 1329 1211 spiritu

341 1226 433 1301 ipsum
458 1223 635 1294 intueantur,
659 1243 694 1279 ne
710 1224 763 1279 ltoc
787 1223 847 1298 ipso
871 1241 902 1278 se
914 1235 1050 1298 putantes
1073 1225 1215 1299 reprobos
1227 1224 1331 1299 peiore

342 1310 556 1386 desperationis
580 1310 607 1365 in
631 1321 725 1365 nrorte
741 1311 925 1371 sorbeantur.
955 1310 1101 1377 Quantum
1119 1311 1215 1386 itaque
1224 1311 1328 1366 bonum

342 1400 378 1454 de
398 1397 628 1472 participatione
652 1397 811 1452 diuinitatis
834 1397 893 1453 eius
911 1407 1044 1473 spectare
1063 1408 1088 1452 et
1107 1416 1230 1473 sperare
1247 1398 1374 1454 debe-10

342 1501 416 1555 ntus,
450 1485 531 1539 cuius
555 1503 607 1539 nos
635 1497 661 1540 et
690 1484 879 1559 perturbacio
911 1484 1083 1559 tranquillat
1116 1495 1143 1539 et
1175 1485 1331 1560 infirmitas

341 1572 489 1643 firmatur.
524 1572 591 1627 Siue
627 1590 700 1648 ergo
728 1572 781 1627 isto
810 1571 873 1627 loco
901 1571 994 1646 ipsunt
1027 1572 1134 1627 ludam
1161 1584 1329 1647 pereuntem

343 1659 509 1715 miserando
534 1659 666 1713 tenuatus
690 1669 731 1714 est
755 1659 815 1714 sive
837 1676 891 1713 sua
913 1671 1006 1714 morte
1031 1664 1247 1734 propinquante
1268 1671 1330 1715 tur-

343 1748 426 1802 batus
442 1756 494 1815 est,
518 1763 574 1800 non
598 1755 639 1801 est
662 1757 758 1801 tamen
782 1746 841 1800 ullo
866 1746 952 1800 modo
966 1747 1153 1802 dubitandum
1171 1765 1226 1802 non
1241 1744 1332 1804 aninit'

342 1833 511 1910 infirmitate
544 1833 596 1887 sed
621 1843 765 1907 potestate
792 1833 951 1899 turbatum,
984 1851 1018 1888 ne
1049 1833 1129 1889 nobis
1162 1833 1375 1908 desperaciori

342 1921 445 1976 salutis
469 1919 593 1990 oriatur,
618 1920 732 1993 quattdo
756 1939 811 1975 non
834 1931 978 1994 potestate
1001 1921 1053 1976 sed
1080 1921 1248 1997 infirmitate
1271 1931 1332 1975 tur·

344 2009 448 2063 bamur
472 2008 580 2077 carnis,
619 2006 722 2083 quippe
756 2006 806 2062 ille
835 2008 959 2084 gerebat
987 2008 1184 2084 infirmitatem
1212 2026 1267 2083 que
1291 2008 1332 2062 in-

336 2094 470 2171 firmitas
499 2094 716 2150 resurreccione
738 2104 908 2169 consumpta
932 2105 985 2161 est,
1013 2095 1065 2150 scd
1088 2094 1136 2169 qui
1159 2112 1213 2150 non
1237 2095 1331 2151 solum

344 2183 429 2237 honio
443 2199 542 2237 uerunt
561 2180 650 2236 eciam
668 2181 749 2237 Deus
765 2192 839 2251 erat,
863 2181 1001 2255 ineffabili
1010 2181 1151 2236 distantia
1165 2181 1331 2238 tcttiversum

343 2286 437 2347 genus
460 2269 616 2323 iutmanum
646 2267 736 2323 animi
761 2268 943 2341 fortitudine
973 2269 1140 2342 superabat.
1172 2269 1237 2324 Non
1258 2287 1333 2346 ergo
1344 2290 1377 2323 20

344 2355 441 2429 aliquo
465 2365 586 2432 cogente
610 2367 651 2412 est
675 2356 809 2410 turbatus
824 2356 875 2411 sed
892 2356 1019 2410 turbauit
1039 2355 1234 2431 semetipsum,
1256 2357 1334 2430 quod

346 2444 382 2498 de
404 2442 454 2497 illo
478 2442 627 2497 euidenter
649 2460 821 2518 expressunt
844 2453 896 2511 est,
928 2444 1042 2516 qttando
1067 2443 1214 2522 Lanarum
1245 2445 1333 2498 susci·

345 2529 427 2584 tavit.
453 2529 529 2584 Narn
554 2528 592 2584 ibi
613 2529 754 2604 scripturn
779 2539 820 2585 est
842 2529 920 2603 qnod
941 2530 1103 2585 turbaverit
1126 2547 1157 2584 se
1179 2529 1283 2605 ipsum,
1305 2542 1335 2586 ut

346 2617 400 2671 ltoc
421 2615 615 2692 intelligatur,
639 2628 665 2671 et
688 2616 736 2671 uln'
757 2634 812 2671 non
837 2615 947 2693 legitur
962 2618 1114 2691 scriptum,
1139 2627 1246 2671 etcum
1269 2635 1333 2672 eunt

347 2703 457 2779 legitur
465 2703 564 2776 sitisse
585 2703 744 2773 turbatum,
761 2703 893 2778 affectunt
909 2703 1015 2779 quippe
1030 2704 1198 2772 humanum,
1219 2705 1335 2777 quando
1347 2710 1377 2760 25

347 2790 508 2864 oportuisse
540 2790 686 2859 iudicauit,
719 2790 747 2845 in
778 2807 809 2846 se
833 2789 895 2865 ipso
925 2800 1068 2865 potestate
1100 2790 1254 2845 corrirnouit
1288 2790 1338 2864 qui

348 2877 490 2932 hominem
515 2888 605 2933 toturn
625 2887 769 2952 potestate
792 2877 928 2953 suscepit.
953 2878 1015 2934 Hec
1039 2875 1234 2950 Augustinus

735 3150 840 3214 CAP.
864 3151 949 3213 XII.

393 3298 433 3350 Ex
458 3294 514 3351 hiis
539 3294 627 3351 dictis
651 3313 718 3351 cum
742 3293 935 3369 exposicione
959 3293 1093 3350 doctoris
1118 3293 1217 3350 eximii
1235 3296 1335 3367 Augu·

349 3381 419 3438 stini
444 3395 541 3456 potest
566 3381 662 3437 fidelis
684 3381 773 3438 flores
796 3381 940 3438 virtutum
964 3399 1123 3455 excerpere
1147 3395 1176 3437 et
1200 3379 1335 3437 animum
1348 3392 1381 3441 30

350 3471 515 3526 secundum
534 3486 640 3526 omnes
657 3488 725 3525 suas
742 3468 897 3542 potencias
915 3468 1056 3537 enutrire,
1082 3466 1153 3542 quia
1169 3470 1335 3525 secundum

350 3556 550 3631 Augustinum
570 3556 688 3612 Omelia
707 3555 843 3630 proxima
861 3558 1043 3630 precedente
1067 3574 1167 3611 sermo
1185 3555 1240 3612 iste
1256 3556 1337 3612 velut

350 3644 486 3701 omnium
504 3644 675 3700 animarum
699 3657 871 3700 sanctarum
890 3643 982 3711 cibus,
1007 3642 1030 3698 si
1049 3641 1158 3698 sufficit
1176 3642 1337 3699 salubriter

351 3731 496 3805 capiatur,
521 3731 544 3786 si
570 3730 690 3805 exiguus
715 3744 758 3786 est
783 3729 1022 3787 desiderabiliter
1046 3729 1224 3786 ruminetur.

178 3829 295 3872 tuentem
393 3818 520 3874 Videtur
545 3817 634 3873 istum
659 3832 795 3874 sanctum
821 3817 931 3874 sentire
955 3819 1035 3891 quod
1066 3817 1123 3873 hoc
1148 3815 1382 3890 evangelium35

149 3883 326 3976 ΙΜζῗζξῗεῗνζω
349 3904 495 3961 iohannis
538 3903 647 3961 sufficit
686 3906 724 3961 ad
762 3923 868 3961 omnes
911 3904 986 3961 vires
1025 3903 1117 3961 animi
1161 3903 1340 3977 regulariter

193 3993 281 4029 nature.

403 4137 423 4168 2.
438 4127 471 4168 A:
487 4136 626 4180 neququam.
708 4136 735 4167 12.
752 4127 786 4168 A=
801 4123 887 4169 tonant.
956 4123 1037 4176 13-14.
1053 4126 1087 4167 A:
1102 4123 1292 4167 siue—turiatus
1307 4127 1340 4166 est

351 4178 494 4231 dees15Biu
512 4188 584 4229 tnnrg.
599 4177 670 4220 addit.
777 4166 810 4220 23.
832 4179 865 4220 A:
881 4177 989 4220 turbauit.
1077 4174 1106 4220 31.
1126 4177 1160 4219 A:
1180 4176 1243 4231 quod
1260 4187 1340 4218 secuu-

351 4231 412 4274 dum.
492 4228 525 4272 33.
548 4231 576 4271 B:
601 4230 730 4271 animorum
752 4229 823 4272 deest.
902 4227 989 4283 33--34,
1011 4231 1045 4272 A:
1061 4234 1195 4272 sanctorum
1213 4228 1341 4272 salubriter

351 4284 460 4337 capiatur
473 4283 536 4324 cibus
549 4279 642 4338 sufficit.

407 4393 447 4442 23.
466 4390 525 4440 ton.
543 4391 585 4452 xi,
607 4392 647 4441 ss.
