3098 5130
458 468 547 519 orus
567 468 820 518 irvauoriicuu
842 467 905 518 irs.
925 468 967 519 ιιι.
1049 450 1137 537 [cue.
1152 464 1213 509 xiv.

219 631 346 686 decimus
378 641 482 685 curant
514 640 541 684 et
566 629 667 684 docent
691 627 832 704 popilium
857 628 915 685 Dei
936 639 963 685 et
986 629 1166 705 corripiunt,
1187 640 1213 686 et

218 717 276 773 alia
306 717 409 792 peiora
443 734 543 771 eorum
564 728 687 791 peccata
712 717 840 772 uidentes
866 726 972 786 tacent,
996 716 1054 792 ipsi
1074 729 1144 773 sunt
1166 717 1214 792 qui

220 805 322 860 docent
342 804 484 880 populum
508 822 561 860 suo
584 804 720 878 exemplo
745 803 859 878 liquare
880 802 1000 860 culicem
1024 814 1053 861 et
1067 804 1210 861 camelum

219 891 340 968 glutire,
371 891 402 946 id
433 901 485 957 est,
520 910 537 946 α
566 890 680 946 modico
707 890 822 966 quidem
847 900 968 966 peccato
999 908 1032 947 se
1054 890 1210 961 abstinere,

221 978 334 1034 maiora
358 990 453 1034 autem
477 977 666 1037 committere.
690 979 753 1034 llec
777 977 992 1034 Crisostomus.
1220 982 1232 1032 5

2 1053 210 1148 ³⁰2'fllgfflss‘0h
264 1065 391 1121 Videtur
414 1065 504 1121 istum
528 1079 666 1121 sanctum
701 1066 790 1139 plane
823 1065 933 1122 docere
956 1065 1038 1139 quod
1062 1063 1148 1122 istud
1170 1067 1211 1123 Ve

25 1158 132 1227 deseri-es
147 1152 192 1201 this
223 1166 266 1210 est
289 1151 409 1227 spissim
435 1151 525 1208 hodie
549 1151 579 1209 in
604 1151 730 1209 ecclesia
747 1152 941 1211 seminatum.
966 1150 1042 1223 Quis
1063 1150 1145 1209 enim
1161 1171 1211 1210 cu·

74 1210 141 1254 Μ’
223 1254 305 1297 ratus
337 1258 399 1296 non
434 1240 501 1313 plus
533 1239 712 1296 sollicitatur
743 1239 835 1296 hodie
868 1238 948 1296 circa
972 1238 1109 1296 decimas
1132 1240 1210 1297 neci·

222 1327 347 1402 piendas
372 1347 389 1384 a
412 1327 528 1401 populo
552 1346 644 1402 quam
660 1325 841 1383 sollicitatur
866 1326 946 1383 circa
962 1325 1210 1385 vendicacionem

221 1414 330 1472 iniurie
354 1413 477 1470 Domini
510 1413 671 1487 gravioris3
705 1427 733 1471 et
761 1432 828 1470 cum
854 1414 921 1488 plus
944 1427 1066 1471 amatur
1088 1413 1210 1489 aliquis,
1223 1432 1249 1467 ro

221 1516 254 1559 ut
278 1502 361 1577 prius
386 1500 449 1557 eius
473 1501 589 1558 lucrum
633 1501 700 1575 quis
733 1500 848 1575 appetit
871 1502 917 1558 uel
942 1503 1090 1558 honorem
1116 1502 1212 1560 mani·

221 1589 341 1661 festum,
376 1588 505 1659 videtur,
539 1602 571 1645 ut
604 1591 691 1645 docet
723 1589 898 1663 Apostolus,
931 1591 1013 1663 quod
1044 1588 1121 1646 tales
1150 1607 1212 1647 non

221 1678 353 1734 habeant
377 1675 545 1746 caritatem,
571 1675 641 1751 quia
665 1695 733 1732 cum
758 1676 868 1732 caritas
892 1694 947 1731 nou
971 1675 1066 1751 querit
1087 1694 1145 1753 que
1159 1695 1211 1734 suu

221 1777 297 1837 sunt,
331 1763 379 1820 isti
412 1776 512 1820 autem
538 1765 798 1837 preponderanter
827 1776 956 1838 querunt
978 1764 1063 1820 lucra
1087 1763 1212 1839 propria

222 1852 289 1925 plus
321 1870 412 1926 quam
439 1850 491 1906 Dei
518 1849 663 1907 honorem
696 1850 773 1907 vicia
797 1851 991 1922 destruendo,
1016 1849 1211 1909 manifestum
1225 1854 1251 1907 15

221 1938 350 2011 videtur,
374 1939 455 2012 quod
479 1938 553 1994 tales
577 1951 646 1995 sunt
669 1957 700 1994 se
724 1937 806 2011 ipsos
834 1951 970 1996 amantes
994 1950 1022 1995 et
1046 1941 1144 1995 Deum
1169 1938 1213 1996 in-

223 2025 352 2083 fideliter
374 2025 521 2083 odientes.

266 2116 303 2169 Et
327 2112 358 2169 in
381 2112 437 2169 ista
461 2111 576 2169 infideli
609 2111 825 2187 ingratitudine
859 2111 992 2187 reperies
1025 2113 1137 2170 multos
1166 2114 1212 2171 vel

222 2200 358 2275 singulos
382 2219 398 2257 a
423 2201 561 2256 Romano
594 2199 738 2274 pontifice
767 2218 862 2273 usque
886 2201 924 2256 ad
949 2198 1089 2257 infimum
1113 2218 1212 2281 sacer·

223 2289 335 2346 dotem.
360 2287 443 2344 Sicut
468 2286 546 2343 enim
573 2300 671 2344 rector
695 2288 762 2361 plus
787 2285 908 2361 respicit
932 2286 1132 2359 addecimare,
1157 2288 1255 2345 ob·2o

223 2376 356 2432 laciones
379 2375 424 2431 vel
454 2373 569 2449 predia,
602 2393 660 2449 que
684 2373 757 2431 dicit
780 2373 879 2448 ipsum
904 2375 1012 2431 debere
1036 2373 1172 2449 recipere
1194 2394 1212 2433 a

223 2461 375 2533 subiectis,
400 2479 490 2536 quam
516 2464 553 2517 ad
577 2463 704 2518 salutem
729 2479 782 2517 sue
810 2461 911 2518 anime
933 2462 980 2518 vel
1002 2462 1041 2518 ad
1064 2462 1211 2520 honorem

224 2548 278 2605 Dei
302 2548 333 2605 in
357 2547 538 2605 rectitudine
562 2567 614 2605 sue
637 2547 706 2619 vite,
731 2548 774 2605 sic
798 2567 888 2622 papa,
912 2547 1047 2623 episcopi
1064 2561 1093 2605 et
1110 2548 1211 2607 cuncti

224 2636 337 2693 iudices
361 2634 566 2696 ecclesiastici.
592 2638 627 2692 Et
651 2637 706 2692 hec
731 2634 813 2693 racio
837 2654 930 2711 quare
953 2634 1087 2693 officium
1112 2636 1212 2694 curati

224 2723 254 2780 in
290 2722 417 2781 ecclesia
450 2736 493 2779 est
525 2723 639 2794 venale,
672 2741 766 2797 quare
795 2721 941 2797 episcopi,
970 2721 1084 2780 iudices
1108 2736 1138 2780 et
1160 2723 1254 2781 aliisi

226 2810 333 2885 prelati
371 2809 495 2867 ecclesie
533 2809 600 2883 plus
625 2824 732 2866 curant
770 2810 887 2866 lucrum
922 2809 1079 2884 proprium
1118 2829 1211 2885 quarn

225 2899 353 2955 salutem
393 2895 493 2954 anime
532 2896 734 2953 subditorum.
773 2896 868 2953 Aliter
907 2896 986 2954 enim
1025 2914 1087 2953 non
1133 2898 1212 2955 foret

225 2984 340 3042 luxuria
364 2985 468 3059 populi
492 2984 534 3041 sic
558 2983 671 3041 venalis
695 3003 750 3040 nec
772 2987 945 3042 sacerdotes
969 2983 1146 3059 colligerent
1168 2984 1214 3042 sic

225 3071 384 3147 pecuniam
424 3085 549 3146 propter
587 3072 641 3128 Dei
680 3071 829 3129 iusticiam
870 3071 1117 3147 relinquendam
1155 3090 1213 3129 nec

224 3159 344 3216 videtur
368 3162 449 3233 quod
474 3158 612 3217 Christus
636 3160 785 3232 dampnat
801 3158 975 3216 huiusmodi
999 3158 1257 3233 recepeionemso

226 3245 342 3302 decime
365 3265 383 3303 a
407 3246 530 3321 prelatis
554 3248 605 3302 sed
631 3248 778 3319 dampnat
801 3248 882 3320 quod
907 3247 974 3321 plus
997 3246 1215 3320 apprecientur

225 3334 300 3390 tales
326 3333 457 3390 minutas
481 3332 614 3390 decimas
638 3352 729 3407 quam
757 3352 899 3407 magnum
925 3346 1082 3408 peccatum
1107 3334 1214 3409 populi

226 3434 255 3477 et
284 3420 425 3478 iniuriam
456 3421 510 3477 Dei
540 3420 596 3476 sui.
622 3422 784 3490 Quomodo
815 3440 889 3495 rogo
917 3421 994 3477 iuste
1023 3432 1109 3478 curat
1131 3438 1214 3496 pepe

226 3508 292 3583 quis
308 3522 436 3583 occupet
453 3507 625 3565 huiusmodi
643 3507 814 3581 dignitates,
832 3510 999 3565 dummodo
1015 3509 1212 3565 commodum

225 3597 394 3670 temporale
432 3595 488 3652 sibi
528 3595 709 3652 accreverit?
752 3597 876 3652 Factum
915 3615 1001 3652 suum
1049 3594 1258 3652 oculariter35

225 3684 358 3740 ostendit
390 3685 471 3757 quod
506 3682 726 3757 parvipendens
756 3682 809 3739 hei
846 3684 991 3740 honorem
1020 3695 1049 3739 et
1083 3682 1212 3740 salutem

226 3770 325 3827 anime
350 3771 428 3827 istud
453 3772 601 3844 ponderat
625 3788 715 3843 super
732 3769 874 3844 primunr.
899 3773 935 3827 Et
956 3788 1009 3844 per
1025 3786 1214 3844 consequens

227 3876 260 3914 ex
296 3857 409 3915 infideli
446 3856 585 3914 carencia
624 3857 758 3913 caritatis
796 3870 840 3913 est
872 3856 1068 3933 indispositus
1105 3869 1138 3913 ut
1170 3855 1214 3914 sic

226 3957 305 4002 taxet
334 3959 362 4001 et
392 3946 506 4018 regulet
535 3943 692 4001 ecclesiam
723 3943 915 4003 militantem.
949 3948 985 4002 Et
1017 3942 1096 4000 idem
1126 3956 1214 4019 potes

7 2097 116 2153 Venality
130 2098 157 2141 ol
168 2098 206 2140 the

76 2150 146 2202 l‘opc.

279 4255 301 4298 ti.
317 4256 337 4296 Α
353 4253 375 4295 in
391 4264 477 4306 marg:
491 4251 617 4294 lohannes.

283 4398 321 4447 ιι.
341 4396 359 4444 ι.
379 4395 441 4445 cor.
461 4394 525 4456 ιιιιι,
547 4395 569 4443 5.
