3098 5130
229 463 296 506 car.
311 449 355 532 v.]
512 467 556 516 nu
578 467 816 518 nu'rrcnmsro
838 468 900 517 tin.
920 468 949 518 u.

229 628 355 685 ecclesia
379 627 596 701 triumphante.
626 630 726 684 Potest
752 642 852 685 autem
879 628 1004 702 intelligi
1029 648 1082 702 per
1107 647 1214 684 manus

229 729 257 772 et
281 728 372 789 caput
405 715 512 788 duplex
536 733 683 788 organum
710 717 878 789 corporale,
914 731 942 772 et
966 730 1064 790 potest
1089 716 1213 789 intelligi

229 802 371 878 operacio
397 801 475 858 Petri
501 816 529 858 et
552 801 710 858 sinceritas
735 802 873 860 racionis.

272 893 309 947 Et
342 888 437 946 tercio
472 902 580 946 notant
611 888 713 946 fideles
742 908 775 945 ex
799 891 990 947 sermonibus
1015 891 1106 947 modo
1131 890 1215 947 lectis
1275 904 1387 965 upwrne

204 981 216 1031 5
230 979 387 1053 quomodo
404 976 477 1033 satis
494 975 617 1051 propria
642 991 687 1034 est
703 977 831 1048 locucio,
856 979 979 1050 quando
996 991 1216 1052 consequenter
1232 957 1428 1065 ἳςζξιῗξξῃζὲἓξ

229 1065 258 1121 in
282 1064 538 1138 evangeliolesus
562 1063 648 1121 dicit:
686 1065 745 1133 Qui
768 1065 844 1121 lotus
871 1075 913 1120 est
941 1083 996 1121 »ron
1020 1065 1131 1142 indiget
1160 1065 1217 1122 nisi

229 1164 258 1208 ut
278 1154 367 1227 pedes
390 1153 475 1218 lavet,
504 1153 555 1208 sed
590 1166 633 1209 est
658 1153 788 1207 mundus
816 1165 906 1222 totus,
941 1151 1013 1226 quia
1041 1153 1086 1223 (ut
1114 1155 1215 1226 Augu-

228 1239 323 1296 stinus
347 1239 395 1297 hic
418 1238 558 1312 explicat)
590 1239 640 1313 qui
670 1238 752 1296 novit
784 1239 930 1295 terminos
953 1237 1123 1313 exceptivos
1146 1259 1215 1314 pro-

229 1326 295 1401 pria
329 1340 372 1384 est
406 1325 537 1383 locucio:
578 1328 684 1382 Petrus
718 1340 761 1383 est
786 1329 916 1382 mundus
941 1340 1021 1383 totus
1046 1339 1146 1401 preter
1170 1328 1214 1383 vel

191 1413 286 1470 ronisi
311 1415 412 1487 pedes,
446 1413 605 1487 supposito
638 1415 719 1489 quod
743 1414 798 1471 soli
832 1415 923 1489 pedes
948 1413 1043 1470 relicti
1067 1427 1136 1470 sunt
1161 1413 1216 1470 im-

231 1501 344 1562 mundi.
373 1503 431 1557 Sed
456 1501 635 1574 profundius
663 1503 842 1558 adsensum
872 1500 1018 1576 evangelii
1042 1503 1215 1559 accedendo

230 1588 409 1662 capiendum
435 1602 478 1644 est
502 1590 582 1663 quod
608 1587 715 1645 ultimo
739 1603 767 1645 et
791 1589 920 1645 maxime
945 1603 987 1646 est
1010 1589 1215 1645 necessarium

230 1675 336 1732 viatori
369 1677 450 1750 quod
483 1677 593 1731 habeat
625 1675 804 1732 allecciones
837 1677 931 1733 animi
961 1677 991 1733 in
1024 1676 1136 1732 iudicio
1162 1676 1215 1732 Dei

232 1764 371 1832 mundas,
395 1762 466 1837 quia
483 1762 560 1818 sicut
577 1776 659 1819 totus
676 1763 754 1820 lotus
771 1776 870 1837 potest
895 1763 1023 1820 faciliter
1047 1763 1215 1820 incedendo

192 1850 406 1907 ricalcaneum
426 1850 593 1915 maculare3
618 1849 659 1907 sic
677 1849 773 1906 viator
790 1850 961 1924 baptizatus
984 1852 1030 1907 vel
1054 1864 1215 1924 quantum·

231 1956 351 2012 cunque
375 1936 523 1994 contritus
540 1949 640 2011 potest
664 1937 791 1994 faciliter
813 1937 977 1995 affeccione
994 1937 1128 1994 indebita
1153 1956 1215 1994 ma-

233 2025 337 2096 culari,
363 2025 392 2080 in
416 2037 535 2080 tantum
553 2027 633 2098 quod
651 2025 752 2081 nullus
776 2038 913 2081 nostrum
939 2024 1091 2081 viancium
1117 2039 1215 2098 potest
1259 2037 1399 2100 weareall

231 2130 299 2168 rere
328 2112 428 2168 dicere
467 2114 547 2185 quod
582 2112 620 2168 sit
657 2111 720 2167 sine
755 2126 881 2185 peccato
914 2114 1014 2186 quoad
1048 2111 1213 2169 indebitum
1239 2090 1413 2187 Jg‡.{{{f„{fe¹{¹s¹

232 2199 410 2272 appetitum,
450 2217 517 2254 cum
552 2201 597 2255 rel
630 2200 691 2254 rult
725 2200 835 2255 habere
864 2198 1044 2273 temporalia
1073 2217 1131 2271 que
1154 2218 1215 2254 non

190 2287 321 2342 nohabet
359 2287 404 2342 rel
443 2298 553 2342 statum
589 2287 655 2360 plus
688 2305 866 2360 prosperum
901 2287 1032 2342 carendo
1062 2287 1215 2342 mundana

234 2373 352 2429 miseria
385 2374 430 2429 vel
454 2374 602 2430 subducta
626 2391 704 2447 pena
733 2373 858 2430 ulterius
883 2375 1057 2447 perdurare,
1098 2387 1126 2429 et
1150 2373 1215 2447 qui·

233 2478 352 2534 cunque
375 2474 512 2517 nostrum
538 2460 586 2517 nic
610 2460 715 2516 dixerit
746 2463 828 2535 quod
851 2480 912 2516 non
937 2460 974 2515 sit
998 2478 1065 2516 reus
1091 2459 1121 2515 in
1145 2473 1213 2517 actu

233 2549 279 2603 rel
303 2546 506 2620 disposicione
530 2547 703 2621 propinqua
720 2548 750 2603 in
767 2547 870 2622 aliquo
888 2550 994 2604 horum
1012 2546 1104 2603 trium
1125 2566 1215 2621 super

233 2653 264 2691 se
287 2633 364 2707 ipso,
388 2649 421 2690 ut
453 2636 561 2708 loquar
593 2637 758 2691 secundum
783 2636 873 2692 rerba
897 2633 1095 2710 Evangeliste,
1133 2653 1216 2692 com-

192 2721 327 2777 rimittit
352 2721 544 2778 mendacium
570 2736 597 2778 et
622 2721 664 2778 sic
688 2741 748 2778 non
772 2721 837 2778 sine
854 2722 960 2796 grandi
986 2720 1120 2778 misterio
1143 2720 1215 2778 lavit

234 2808 370 2865 Christus
405 2811 495 2883 pedes
519 2808 580 2864 suis
605 2809 761 2883 discipulis
785 2810 836 2866 illo
861 2811 963 2866 mod0.
1005 2808 1089 2866 Lavit
1113 2822 1214 2866 autem

232 2896 324 2969 pedes
342 2896 492 2965 Scarioth,
518 2909 550 2952 ut
567 2898 675 2953 doceat
699 2898 780 2970 quod
799 2899 878 2953 Deus
901 2915 962 2952 non
987 2910 1030 2952 est
1048 2897 1216 2970 culpandus

233 3001 288 3056 pro
312 2981 450 3055 crimine,
482 3002 551 3041 cum
586 2983 656 3040 facit
689 3001 809 3057 semper
842 2985 924 3058 quod
952 2983 1009 3039 sibi
1033 2982 1141 3041 attinet
1163 2985 1215 3040 sed

232 3069 420 3127 consciencia
444 3070 622 3145 peccatoris.

190 3164 222 3214 30
276 3158 360 3214 Beati
377 3172 476 3215 autem
489 3158 519 3214 in
536 3158 633 3231 patria
649 3158 786 3214 laverunt
803 3160 894 3232 pedes
910 3176 991 3225 suos,
1016 3172 1045 3214 et
1062 3158 1130 3216 ideo
1147 3160 1216 3215 dor·
1236 3178 1281 3223 We
1295 3191 1333 3222 are
1347 3186 1386 3233 apr
1401 3186 1425 3221 ro

233 3243 360 3301 mientes
384 3244 414 3300 in
438 3245 516 3302 lecto
540 3245 620 3319 ipsos
637 3264 699 3301 non
722 3259 869 3318 appetunt
897 3244 1023 3302 ulterius
1047 3245 1216 3320 inquinare.
1232 3233 1320 3327 sem
1334 3230 1427 3326 ,Gssldgjk

276 3330 399 3389 Viantes
430 3346 531 3389 autern
564 3332 588 3388 si
614 3351 647 3389 ex
671 3331 725 3388 Dei
754 3333 855 3407 gracia
884 3334 921 3389 ab
946 3332 1109 3390 affeccione
1133 3333 1216 3390 inde·
1248 3337 1409 3397 sororiown

234 3418 295 3476 bita
319 3420 411 3494 pedes
435 3419 596 3476 habuerint
614 3419 777 3493 migrantes
794 3421 831 3477 ab
849 3421 906 3476 hoc
923 3420 1025 3476 seculo
1049 3439 1066 3476 a
1090 3434 1216 3494 peccato
1266 3389 1387 3431 amomon.

232 3506 407 3564 omnimode
432 3508 621 3575 emundatos,
645 3506 763 3581 gracias
779 3506 901 3564 Christo
924 3506 1055 3563 referant
1080 3520 1108 3562 et
1131 3526 1217 3564 sanc·

190 3592 270 3650 35tis
293 3593 356 3650 eius
380 3594 531 3668 precipuis
555 3595 637 3668 quod
661 3596 738 3650 adeo
762 3593 926 3651 Dominum
952 3592 1120 3650 imitantur.
1156 3597 1216 3652 Nos

232 3693 332 3737 autem
357 3680 388 3737 in
411 3695 480 3738 actu
506 3680 614 3737 mentis
645 3695 748 3737 nostre
771 3681 955 3756 percipimus
985 3684 1141 3755 quomodo
1164 3684 1217 3739 ad·

233 3768 291 3825 huc
314 3787 418 3826 sumus
442 3771 479 3826 ab
503 3768 560 3825 ista
583 3767 785 3843 disposicione
801 3768 903 3825 celesti
920 3767 1048 3825 nimium
1074 3769 1216 3843 elongati,

234 3872 301 3911 cum
338 3857 432 3912 multa
465 3870 498 3913 ut
533 3875 588 3930 pro
624 3855 677 3912 Dei
718 3857 832 3913 honore
865 3854 1005 3928 fingimus
1044 3855 1217 3930 appetimus

233 3942 409 4018 adimplere,
448 3957 476 4000 et
509 3962 577 4000 cum
613 3941 735 4000 racione
759 3944 903 4000 debemus
933 3942 1111 4000 convincere
1135 3946 1215 4020 quod

188 4032 313 4094 4oDeus
337 4031 400 4086 vult
432 4030 489 4087 ista
513 4032 550 4087 ad
575 4029 737 4087 utilitatem
763 4029 886 4087 ecclesie
911 4032 1076 4087 secundum
1101 4031 1216 4088 diutur-

232 4116 347 4173 niorem
383 4119 428 4174 vel
460 4117 552 4174 alium
591 4117 728 4173 ordinem
763 4120 937 4191 perdurare.
977 4121 1013 4173 Et
1050 4120 1103 4175 hec
1134 4119 1216 4176 racio

285 4373 522 4424 4-Arumarg.:3.
583 4373 812 4415 rn--rtilnuundr,
874 4376 991 4425 17.A2m
1006 4378 1080 4416 terrm.
1133 4372 1214 4416 lan:

232 4422 255 4464 in
273 4435 361 4477 marg:
377 4421 448 4465 illota.
