3098 5130
574 489 664 541 orus
683 489 936 542 Evtttoettctttt
958 491 1022 543 tin.
1042 492 1083 542 ut.
1122 473 1203 558 [car.
1219 488 1329 534 xxxix.

670 643 775 708 CAP.
800 645 988 714 XXXIX.

154 796 205 842 The
221 805 294 859 tyara
380 789 470 845 Cum>
492 791 658 846 secundum
695 789 914 848 Crisostomum
954 791 1090 868 insurget
1130 792 1328 869 episcopatus

125 850 318 958 ςᾟὲζῖῃέξξῗῇξ
336 895 427 951 supra
461 875 668 952 episcopatum
708 891 737 935 et
775 878 1006 937 seminabantur
1044 879 1164 954 spissim
1204 883 1327 941 hereses

191 955 251 999 Μ·
336 982 392 1039 pro
427 977 565 1039 tempore
596 964 775 1023 Antichristi
808 965 891 1024 dicto
923 966 1031 1025 leniter
1060 969 1098 1024 de
1121 971 1252 1044 superba
1277 988 1326 1027 er-

336 1051 488 1109 altacione
525 1051 614 1108 unius
653 1052 845 1128 episcopatus
888 1073 980 1128 supra
1017 1054 1111 1112 aliurn
1151 1073 1245 1132 usque
1285 1060 1352 1117 ads

336 1142 506 1197 Romanum
539 1139 727 1213 pontificem,
765 1140 817 1216 qui
856 1140 886 1197 in
925 1155 1029 1199 nostra
1062 1156 1202 1202 contrata
1240 1157 1325 1202 tenet

334 1226 534 1302 probabiliter
556 1228 683 1300 gradum
708 1247 873 1294 summum,
901 1242 994 1287 restat
1023 1247 1150 1304 parvum
1175 1231 1213 1289 de
1237 1232 1321 1289 here·

334 1314 417 1373 sibus
445 1314 664 1371 disserendum.
697 1318 734 1372 Et
763 1314 881 1373 videtur
904 1318 987 1390 quod
1016 1316 1129 1375 heresis
1157 1319 1194 1374 de
1222 1317 1324 1377 hostia

334 1414 511 1460 consecrata
534 1415 635 1459 teneat
658 1405 784 1476 gradum
810 1422 976 1475 summum,
999 1403 1069 1463 ideo
1091 1407 1129 1462 de
1149 1403 1207 1462 ista
1224 1405 1323 1463 heresi

335 1503 379 1547 est
401 1508 509 1565 parum
535 1488 630 1546 lacius
665 1492 925 1565 pertractandum.
958 1494 1092 1566 Negatur
1125 1491 1205 1549 enim
1239 1511 1322 1551 cotn-
1337 1520 1367 1554 ιο

336 1577 467 1634 maniter
495 1576 525 1633 in
554 1576 666 1634 nostris
694 1577 830 1652 partibus
858 1591 1016 1654 tamquam
1045 1579 1212 1637 hereticum
1237 1582 1321 1656 quod

335 1664 399 1739 ipsa
424 1664 523 1722 hostia
546 1664 584 1722 sit
609 1683 717 1739 corpus
734 1665 846 1722 Christi
870 1665 901 1722 in
925 1666 1024 1723 forma
1047 1665 1135 1741 panis
1151 1668 1197 1724 vel
1220 1686 1322 1725 sacra·

335 1765 471 1809 mentum
497 1751 598 1809 calicis
621 1751 685 1809 eius
706 1752 828 1827 sanguis
850 1752 881 1809 in
898 1753 995 1811 forma
1012 1752 1084 1824 vini,
1108 1754 1161 1811 sed
1176 1754 1321 1812 asseritur

335 1838 476 1896 accidens
504 1839 568 1896 sine
597 1838 733 1897 subiecto
761 1840 807 1897 vel
836 1838 930 1898 nichil
958 1839 989 1897 in
1014 1841 1111 1898 forma
1134 1839 1256 1915 nichili3
1292 1855 1321 1900 et

335 1926 414 1983 istud
439 1926 631 1984 mendacium
660 1927 826 1985 hereticum
855 1941 937 1985 tenet
965 1926 1043 1985 inter
1070 1947 1176 1986 omnes
1199 1930 1364 1992 heresesrs

335 2032 410 2088 quas
434 2014 605 2071 audivimus
628 2013 844 2090 principatum.

138 2103 260 2199 {vicenae
274 2107 306 2201 οἱ,
379 2100 480 2158 Primo
504 2113 604 2158 autem
629 2115 749 2177 oportet
766 2121 819 2177 per
836 2102 925 2160 fidem
948 2101 1097 2176 scripture
1113 2116 1321 2160 transcurrere

125 2159 364 2254 ιῃῖιῗῖῑὲιῖνιοξιδεῑ
398 2187 499 2246 videre
532 2189 605 2263 quid
637 2192 667 2246 in
700 2188 756 2246 ista
790 2189 916 2247 materia
949 2192 1038 2247 docet
1066 2189 1207 2247 dominus
1236 2192 1321 2248 Jesus

171 2264 271 2318 ΜΡΝ·
335 2274 482 2343 Christus,
511 2295 582 2333 nam
607 2278 714 2335 Matth.
738 2279 839 2346 XXVI,
865 2279 916 2345 26,
942 2292 992 2350 27,
1023 2282 1062 2336 28
1091 2277 1134 2334 sic
1162 2276 1318 2335 scribitur:

338 2363 512 2420 Cenantibus
535 2375 631 2420 autem
655 2364 713 2421 illis
740 2365 852 2440 accepit
877 2365 962 2421 Jesus
989 2382 1093 2440 panem
1121 2375 1149 2422 et
1172 2364 1321 2422 benedixit
1332 2376 1365 2411 20

333 2468 368 2507 ac
394 2452 497 2529 fregit
530 2451 664 2527 deditque
701 2451 851 2528 discipulis
887 2452 948 2509 suis
979 2463 1007 2508 et
1038 2451 1094 2508 ait:
1131 2450 1261 2529 Accipite
1293 2463 1321 2509 et

334 2538 483 2596 comedite.
516 2539 583 2595 Hoc
616 2551 659 2596 est
690 2557 798 2615 corpus
825 2557 930 2595 nicam,
964 2538 1004 2595 Et
1034 2539 1177 2616 accipriens
1200 2539 1319 2596 calicem

332 2626 455 2704 gracias
478 2626 538 2705 egit
567 2637 594 2682 et
623 2626 702 2683 dedit
724 2626 783 2682 illis
807 2626 919 2684 dicens:
952 2626 1047 2682 Bibite
1070 2644 1110 2683 ex
1132 2625 1186 2683 hoc
1208 2644 1318 2684 omnes.

333 2713 392 2769 Hic
423 2724 465 2770 est
496 2714 618 2792 sanguis
650 2732 730 2771 meus
761 2714 829 2770 novi
860 2714 1024 2770 testamenti
1053 2713 1103 2789 qui
1130 2731 1189 2790 pro
1218 2713 1320 2771 multis

333 2801 498 2876 effundetur
521 2801 549 2857 in
573 2801 743 2859 remissione
761 2812 961 2877 peccatorum.
1330 2798 1362 2849 25

378 2890 419 2944 Ex
452 2907 512 2963 quo
547 2901 628 2946 textu
661 2888 750 2964 plane
783 2901 865 2963 patet
898 2887 1037 2945 fidelibus
1070 2888 1151 2963 quod
1181 2886 1319 2944 Christus

334 2974 405 3032 lecit
438 2993 548 3050 panem
583 2975 646 3033 eius
679 2994 790 3050 corpus
822 2989 851 3032 et
882 2974 985 3032 vinum
1025 2974 1089 3032 eius
1127 2973 1318 3049 sanguinem,

335 3062 429 3135 petito
462 3064 519 3119 hoc
553 3062 633 3120 fideti
666 3062 830 3137 porismate
863 3063 945 3138 quod
978 3061 1129 3136 scriptura
1161 3079 1248 3119 sacra
1280 3061 1318 3119 sit

334 3167 402 3207 vera
436 3163 464 3206 et
496 3149 668 3224 specialiter
700 3150 731 3206 in
764 3149 822 3207 hiis
853 3148 952 3207 verbis
990 3147 1261 3207 sacramentalibus
1300 3168 1318 3207 a

334 3236 465 3295 Domino
489 3237 531 3295 sic
555 3236 684 3295 assertis.
1328 3236 1363 3287 3⁰

378 3328 414 3382 Et
439 3324 518 3381 idem
542 3338 625 3399 patet
649 3324 743 3382 Marci
759 3326 834 3395 XIV,
860 3338 998 3394 22-24,
1023 3322 1074 3380 ubi
1097 3321 1141 3380 sic
1161 3321 1318 3383 scribitur:

332 3412 371 3468 Et
395 3412 635 3470 manducantibus
657 3413 720 3470 iilis
742 3412 851 3489 accepit
865 3412 950 3469 lesus
969 3429 1075 3487 panem
1100 3421 1126 3468 et
1150 3411 1319 3468 benedicens

327 3501 438 3578 fregit,
477 3511 504 3556 et
537 3501 616 3558 dedit
648 3500 707 3557 illis
737 3510 764 3557 et
796 3500 852 3555 ait:
883 3499 1011 3568 Sumite,·
1047 3499 1101 3555 hoc
1138 3510 1181 3556 est
1212 3515 1319 3575 corpus

333 3605 437 3646 meum.
470 3587 510 3643 Et
542 3598 659 3664 accepto
694 3587 784 3644 calice
814 3587 935 3664 gracias
966 3603 1058 3663 agens
1090 3585 1169 3642 dedit
1200 3585 1259 3642 illis
1290 3597 1318 3642 et

332 3676 464 3732 biberunt
489 3693 527 3731 ex
549 3694 582 3733 eo
607 3693 713 3732 omnes.
738 3674 778 3730 Et
800 3675 841 3729 ait
864 3674 937 3731 illis:
960 3673 1017 3730 Hic
1041 3684 1083 3730 est
1097 3671 1222 3751 sangnis
1237 3672 1358 3730 measti

333 3763 401 3819 novi
430 3763 603 3829 testamenti,
635 3762 684 3836 qui
711 3779 769 3837 pro
802 3762 900 3817 multis
932 3760 1104 3834 effundetur.
1140 3759 1192 3817 llle
1215 3773 1316 3817 autern

333 3851 408 3907 foret
433 3849 658 3906 infidelissimus
683 3847 831 3904 hereticus
855 3848 906 3923 qui
930 3847 1114 3905 discrederet
1130 3845 1194 3904 istis
1210 3845 1316 3905 verbis.

378 3940 458 3994 luce
486 3950 587 3993 autem
619 3937 706 4004 XXll,
737 3954 859 4008 19-20
882 3935 925 3992 sic
948 3934 1104 3992 scribitur:
1137 3934 1177 3991 Et
1200 3945 1317 4011 accepto

328 4044 408 4102 pane
429 4025 552 4102 gracias
575 4023 635 4102 egit
659 4034 686 4081 et
700 4023 802 4101 fregit
825 4034 852 4079 et
878 4022 957 4080 dedit
979 4022 1020 4080 eis
1044 4022 1157 4080 dicens:
1185 4022 1253 4079 Hoc
1275 4032 1317 4078 est

386 4310 400 4339 ι.
417 4298 451 4339 A:
469 4295 524 4350 Cap.
540 4293 668 4343 tttt’ttt·
683 4295 712 4337 B:
729 4306 763 4349 39
844 4296 900 4352 aa
915 4295 937 4337 in
954 4306 1041 4348 mara:
1055 4292 1183 4336 lohannes.
1250 4304 1281 4347 ¹7·
1296 4293 1317 4336 Α

333 4351 355 4392 in
372 4360 457 4402 marga
474 4360 490 4390 r.
572 4346 604 4389 23.
620 4349 654 4407 h:
670 4349 763 4409 docens.
845 4352 880 4408 ab.
899 4347 919 4389 Α
939 4347 961 4389 ἰη
982 4358 1068 4408 mura:
1089 4345 1123 4388 De
1141 4345 1219 4389 horda
1237 4356 1318 4388 conse·

333 4399 596 4508 tttttt'ttltti‘
610 4394 1317 4506 ''diabli‘'dlil'2?“⁹'‘²³l,⁶il.¹lf“aelim:
