3098 5130
167 504 234 552 cnr.
251 488 349 578 xxvi]
448 509 493 564 oe
514 508 750 565 nurtcnmsto
771 509 833 565 tiu.
855 511 872 564 1.

211 675 284 732 Dico
295 675 369 732 enim
383 676 476 733 uobis:
489 676 554 733 Non
565 695 610 733 me
621 676 876 749 uidebitisamodo,
889 677 979 734 donec
989 677 1092 734 dicatis
1101 687 1154 738 ete.

172 762 244 820 Vere
267 764 340 818 enim
365 781 404 820 ex
427 775 558 840 tempore
582 765 762 840 perdicionis
790 783 842 821 sue
864 765 986 822 heretici
1007 783 1153 840 nunquam

170 849 319 906 Christum
337 851 481 910 viderunt.
506 851 606 907 Vident
629 852 704 908 enim
730 870 793 908 eum
809 852 885 928 fide,
909 871 964 909 non
981 853 1082 924 oculis,
1105 852 1156 929 qui

164 938 321 993 secundum
351 938 501 995 ueritatem
522 939 582 995 eius
605 939 728 996 credunt
752 939 779 994 in
803 957 878 1010 eum,
907 939 957 1015 qui
978 951 1074 996 autem
1099 958 1154 996 non

141 1025 298 1096 §credunt
330 1025 391 1082 ceci
419 1037 486 1082 sunt
516 1027 614 1096 corde,
647 1045 704 1082 non
736 1044 871 1103 corpore,
904 1045 959 1082 non
989 1026 1155 1084 necessitate

164 1112 216 1167 sed
240 1112 393 1169 voluntate.
422 1112 580 1191 Cognituri
604 1124 700 1170 autem
724 1124 790 1170 sunt
813 1131 887 1180 eum,
921 1113 949 1169 in
979 1114 1026 1170 die
1057 1115 1156 1170 iudicii

165 1199 255 1255 eciam
280 1200 416 1272 nolentes,
441 1201 555 1275 quando
580 1199 715 1256 videbunt
738 1218 802 1256 enm
826 1200 854 1256 in
878 1201 1029 1257 maiestate
1045 1202 1152 1277 patris,

163 1287 279 1361 quando
316 1287 450 1344 videbunt
482 1305 546 1343 eum
578 1287 669 1344 eciam
702 1304 800 1344 omnes
827 1287 918 1361 iniqui
949 1299 976 1344 et
1005 1289 1152 1344 dominum

166 1372 260 1429 Deum
289 1391 353 1430 eum
382 1373 593 1450 confitebuntur
615 1373 752 1433 nolentes.
788 1374 921 1444 Domine,
950 1375 1073 1446 domine,
1102 1394 1155 1431 nos

126 1459 193 1514 roin
217 1461 331 1517 nomine
354 1473 402 1518 tuo
427 1461 559 1518 demonia
583 1461 718 1519 eiecimus
740 1473 792 1520 etc.
818 1462 877 1517 Sed
900 1461 989 1518 nichil
1010 1462 1069 1518 illis
1081 1480 1153 1538 pro·

166 1547 244 1603 derit
266 1549 354 1603 tarda
378 1549 531 1624 consessio.
567 1549 646 1605 Tunc
675 1560 702 1605 et
730 1549 781 1606 isti
802 1548 911 1605 dicturi
931 1560 998 1604 sunt
1024 1550 1153 1606 Christo:

166 1634 229 1690 Nos
257 1635 286 1690 in
315 1635 429 1692 nomine
456 1648 505 1692 tuo
528 1636 679 1692 docuimus
707 1647 734 1693 et
757 1637 785 1691 iu
809 1637 923 1692 nomine
949 1647 997 1692 tuo
1022 1637 1153 1693 demonia

166 1721 308 1779 eiecimus.
335 1722 419 1779 Dicet
442 1735 537 1780 autem
561 1725 601 1779 ad
623 1741 686 1780 eos:
710 1723 860 1799 Numquid
880 1724 907 1778 in
938 1723 1045 1780 uirtute
1068 1724 1155 1781 mea?

167 1806 316 1883 Numquid
347 1809 375 1865 in
403 1810 508 1884 spiritu
538 1811 625 1867 meo?
656 1811 687 1865 In
717 1812 831 1867 nomine
853 1809 927 1867 enim
952 1829 1017 1867 meo
1044 1810 1155 1885 aliquid

128 1900 257 1972 ringere
278 1897 464 1953 seductorum
488 1907 540 1969 est,
563 1897 591 1952 in
616 1897 723 1954 uirtute
744 1910 839 1954 autem
857 1916 921 1954 mea
944 1908 971 1954 et
994 1899 1022 1953 in
1049 1899 1154 1974 spiritu

166 1999 229 2038 meo
251 1995 430 2040 sanctorum.
460 1984 608 2041 Discedite
635 2002 652 2039 a
676 2003 730 2045 me.
762 1984 866 2041 Nescio
888 1984 938 2060 qui
960 1985 1036 2045 estis.
1075 1985 1155 2042 Sicut

166 2069 239 2125 enim
264 2089 315 2127 uos
331 2081 538 2148 cognoscentes
553 2089 599 2127 me
614 2089 792 2149 cognoscere
807 2071 948 2140 noluistis,
965 2090 1020 2128 non
1032 2083 1155 2148 propter

166 2156 355 2232 difficultates
384 2159 517 2215 ueritatis
544 2176 606 2214 mee
632 2159 685 2215 sed
709 2170 834 2234 propter
856 2158 1018 2233 iniquitates
1042 2159 1155 2215 malicie

167 2255 284 2315 vestre,
303 2246 345 2302 sic
367 2257 395 2301 et
417 2264 473 2324 ego
501 2263 680 2323 cognoscens
704 2264 763 2317 uos,
797 2245 863 2302 nolo
886 2263 1074 2322 cognoscere,
1098 2264 1154 2302 non

125 2352 156 2386 20
161 2342 285 2407 propter
308 2343 467 2389 extraneas
485 2351 630 2408 personas
654 2344 777 2402 vestras,
806 2333 858 2389 sed
881 2343 1005 2408 propter
1034 2333 1153 2389 odibiles

168 2419 300 2475 malicias
324 2431 447 2477 uestras.
474 2422 537 2476 Hec
561 2418 797 2476 Chrisostomus.

209 2504 335 2562 Videtur
368 2506 458 2563 istum
493 2519 633 2563 sanctum
667 2507 697 2562 in
730 2504 795 2562 istis
827 2505 925 2562 verbis
957 2505 1152 2581 propheciam
1189 2515 1343 2575 Tnetewisn

169 2592 281 2648 Christi
307 2611 466 2668 exponere,
491 2592 590 2668 primo
614 2595 771 2667 quomodo
795 2592 922 2650 ecclesia
945 2591 1070 2649 Judaica
1095 2611 1153 2668 que
1185 2568 1344 2670 fflssfflssdwssi

167 2680 319 2736 Christum
354 2681 542 2738 crucifixerat
567 2680 755 2755 relinquetur
778 2681 907 2752 deserta,
940 2698 1000 2736 non
1029 2679 1151 2754 quidem
1164 2672 1320 2769 G⁰diis⁸iii⁰
1335 2675 1370 2717 ror

125 2768 205 2823 aiab
239 2766 413 2825 hominibus
446 2768 492 2824 vel
524 2767 745 2841 temporalibus
780 2766 896 2824 diviciis
928 2768 979 2822 sed
1013 2784 1030 2822 a
1060 2766 1153 2824 caris·
1303 2759 1309 2769 ⁴

169 2853 299 2910 mutibus
323 2854 378 2911 Dei
406 2853 462 2926 sui,
491 2854 562 2929 quia
590 2854 702 2911 iustum
732 2867 775 2911 est
804 2856 885 2929 quod
909 2853 1077 2911 occidendo
1101 2872 1153 2911 cor

168 2941 323 3015 proprium
363 2960 417 3016 per
455 2943 537 3017 quod
575 2941 744 2999 vivificatur
769 2954 834 2998 tota
867 2940 1003 3011 ecclesia,
1039 2940 1153 2998 scilicet

168 3027 325 3085 dominum
350 3031 449 3085 lesum
475 3028 640 3099 Christum,
674 3048 691 3086 a
723 3027 783 3085 vita
815 3028 916 3085 anime
949 3041 977 3085 et
1005 3027 1154 3101 spirituali

167 3115 304 3189 profectu
329 3118 526 3189 postmodum
552 3117 717 3182 deseratur,
741 3117 822 3190 quod
848 3115 1059 3190 cognoscimus
1083 3134 1154 3172 con-

125 3202 277 3276 sotigisse.

211 3292 352 3347 Secundo
382 3289 500 3346 videtur
524 3289 678 3347 Christum
709 3291 874 3347 secundum
907 3308 1028 3347 sensum
1064 3289 1224 3363 huiusmn
1239 3320 1292 3365 mcv
1307 3321 1364 3363 suan

167 3377 301 3434 doctoris
318 3377 493 3452 prophetice
510 3378 671 3451 propalare
681 3378 762 3451 quod
779 3376 821 3433 illi
836 3377 923 3433 Judei
939 3397 1000 3434 non
1016 3376 1151 3434 viderent
1162 3367 1369 3467 Ig‘ggpg'ssnfflff

167 3463 321 3521 Christum
357 3465 462 3521 saltem
496 3482 549 3539 per
584 3464 673 3521 fidem
713 3483 807 3538 usque
840 3466 878 3520 ad
916 3464 996 3521 diem
1035 3464 1150 3536 iudicii,
1175 3437 1367 3537 snaunotnavl

168 3553 290 3625 quando
329 3551 555 3609 confitebuntur
593 3551 652 3607 fide
690 3550 813 3607 informi
852 3553 933 3626 quod
973 3551 1022 3608 ille
1060 3570 1149 3626 quem
1179 3529 1352 3624 ‘'Joffi'jhssslfft

126 3638 380 3695 's'icrucifixerant
413 3638 468 3695 fuit
496 3657 584 3696 verus
609 3641 688 3695 Deus
717 3652 746 3694 et
775 3656 862 3694 serus
891 3639 993 3706 homo,
1028 3640 1151 3712 quando
1227 3634 1297 3675 ΠΜ·

169 3726 244 3782 falsa
261 3725 410 3782 consessio
428 3745 489 3782 non
507 3724 627 3782 valebit.
646 3724 777 3795 Quidam
795 3725 874 3781 enim
889 3728 981 3781 aDeo
1000 3726 1152 3781 habebunt

168 3811 309 3869 virtutem
333 3811 461 3869 faciendi
487 3811 637 3868 mirabilia
662 3811 784 3868 diabolo
808 3811 970 3868 adiuvante
994 3824 1023 3868 et
1040 3811 1152 3885 fingent

168 3899 333 3973 ypocritice
361 3902 443 3974 quod
473 3899 503 3955 in
531 3897 654 3956 nomine
682 3902 751 3955 Jesu
781 3899 914 3954 fecerant
944 3899 1000 3954 ista
1029 3912 1152 3967 cuncta;

220 4167 240 4212 3.
256 4170 285 4213 B:
299 4169 429 4224 quivident
442 4170 510 4213 enim.
569 4182 593 4221 a.
607 4171 641 4212 A:
657 4171 691 4213 eis
705 4170 809 4213 credunt.
870 4170 932 4222 7—8.
947 4172 981 4214 At
997 4169 1154 4213 cum—uide·

168 4222 224 4265 hunt
236 4222 308 4265 deest.
372 4221 401 4265 13.
418 4222 447 4264 B:
463 4222 634 4265 veritatemea.
699 4223 726 4266 15.
741 4225 775 4265 A:
790 4221 943 4265 reducturum.
1006 4222 1037 4264 16.
1054 4222 1083 4264 B:
1114 4224 1153 4264 uta

168 4274 247 4318 neseio
261 4274 303 4330 qui
315 4274 377 4318 estis.
445 4275 476 4321 iti.
494 4287 524 4327 ¹7·
539 4276 572 4317 A:
587 4276 622 4317 sic
635 4275 704 4317 enim.
759 4275 789 4317 18.
805 4275 992 4334 Asiniauitatis.
1046 4286 1078 4316 aa.
1095 4235 1115 4317 h
1130 4275 1153 4317 in

169 4338 255 4381 marg:
270 4327 399 4370 lohannes.
454 4324 486 4370 23.
502 4327 561 4370 Ain
578 4338 664 4381 marg:
679 4339 697 4369 t.
760 4325 790 4370 31.
806 4328 828 4370 A
844 4339 867 4369 tn
884 4339 971 4380 marg:
989 4337 1010 4369 a.

221 4469 246 4520 9.
266 4453 356 4504 Matth.
375 4453 431 4515 Vll,
451 4467 492 4503 aa.
