3098 5130
576 489 665 538 orris
683 488 935 539 uvsunmreuu
958 487 1019 536 rur.
1041 487 1081 536 tu.
1115 462 1197 547 [Car.
1212 477 1325 523 xxxiv.

335 649 416 706 enim
440 648 579 724 stagnum
605 665 874 726 quantumcunque
904 650 980 707 forte
1008 648 1121 706 facturn
1150 645 1240 704 fuerit
1269 664 1325 720 per

335 740 496 794 adventum
521 757 599 813 aque
623 752 802 812 congregate
826 736 960 811 dirumpi
984 736 1105 812 poterit,
1128 734 1172 792 sic
1196 752 1325 809 regnum

335 843 389 898 per
417 838 604 882 crementum
633 825 749 900 peccati
779 838 824 882 est
852 823 984 881 finaliter
1007 822 1260 897 dirumpendum;
1295 834 1327 878 et

336 911 414 969 sicut
442 914 478 968 de
506 932 567 970 uno
591 932 694 987 regno,
728 912 771 970 sic
800 914 837 969 de
865 924 930 968 toto
958 924 1067 968 vocato
1097 908 1326 968 christianismo

335 1000 382 1056 vel
413 1000 541 1057 ecclesia
575 998 734 1057 militante.
773 1002 872 1057 Causa
911 1012 1013 1056 autem
1052 997 1198 1056 crementi
1236 996 1352 1054 istius5

336 1077 449 1143 heresis
482 1101 572 1162 atque
604 1087 746 1161 superbie
778 1100 822 1144 est
851 1105 985 1144 recessus
1015 1104 1032 1143 a
1062 1086 1127 1159 lege
1156 1083 1269 1140 Christi
1297 1096 1327 1140 et

336 1175 456 1249 sequele
480 1194 532 1231 sue
556 1174 671 1235 semite.
695 1174 770 1231 Vide
788 1193 859 1248 ergo
876 1172 1095 1230 sollicitudines
1112 1170 1325 1246 episcoporum

337 1274 365 1318 et
389 1261 609 1319 seminaciones
637 1263 737 1336 legum
767 1281 905 1330 suarum;
939 1274 968 1317 et
996 1259 1101 1316 omnia
1131 1258 1188 1315 ista
1216 1270 1327 1317 sonant

336 1368 397 1406 non
421 1349 451 1406 in
475 1349 717 1424 adquisicionem
740 1349 845 1423 populi
862 1349 900 1406 ad
918 1347 1139 1404 beatitudinem
1157 1348 1325 1402 secundum

125 1440 201 1501 Greia
217 1442 321 1515 themor
336 1436 506 1493 doctrinam
532 1436 642 1494 Christi
666 1438 718 1493 sed
741 1436 772 1492 in
796 1434 1036 1510 adquisicionem
1054 1433 1232 1507 temporalis
1248 1431 1327 1490 lucri
1342 1456 1371 1489 ιο

158 1495 286 1551 mim
337 1537 366 1580 et
393 1523 537 1581 secularis
568 1523 705 1600 dominii,
738 1543 774 1580 ac
802 1523 826 1579 si
855 1522 911 1596 ipsi
942 1535 1090 1596 perpetuo
1118 1520 1254 1578 viverent
1277 1519 1326 1576 hic

337 1610 368 1666 in
396 1610 453 1670 via.
488 1612 524 1666 Et
553 1612 608 1667 hec
638 1610 788 1685 cupiditas
818 1622 861 1667 est
890 1609 975 1665 radix
1004 1608 1129 1666 maioris
1159 1607 1272 1665 heresis
1295 1607 1328 1663 in

337 1698 463 1754 ecclesia
505 1697 717 1771 germinantis3
764 1711 792 1754 et
831 1696 978 1772 quidquid
1018 1695 1204 1771 extingueret
1249 1696 1328 1751 hanc

339 1784 482 1855 radicem,
508 1787 675 1842 destrueret
701 1785 801 1842 media
824 1783 1013 1841 Antichristi.

137 1879 263 1937 Theseus
278 1876 308 1931 bl
381 1874 468 1929 Unde
491 1871 546 1929 iste
571 1886 650 1929 secte
668 1886 798 1947 quatuor
822 1871 852 1928 in
876 1873 933 1929 hoc
957 1872 1097 1927 videntur
1121 1871 1230 1926 habere
1254 1887 1370 1937 con-15

151 1931 297 2025 wiciiiiciiess
338 1959 473 2016 diciones
508 1959 631 2030 diaboli,
660 1961 740 2035 quod
769 1959 909 2016 videntur
941 1960 1063 2032 longare
1097 1956 1175 2013 diem
1208 1956 1327 2027 iudicii;

137 2033 314 2142 do}¹²jgd¹g¹¹[{e⁶n}l
337 2046 534 2121 probabiliter
555 2046 677 2121 quidem
703 2046 834 2104 creditur
851 2048 933 2121 quod
958 2065 1019 2102 non
1044 2044 1100 2100 erit
1124 2044 1187 2101 dies
1210 2043 1326 2111 iudicii,

337 2147 499 2208 antequam
517 2133 573 2189 erit
590 2135 753 2191 electorum
773 2153 917 2191 numerus
934 2134 1089 2206 complens
1106 2130 1325 2189 beatitudinem

337 2235 573 2278 consummatus.
614 2223 649 2278 Et
682 2224 719 2279 de
752 2235 866 2296 quanto
899 2220 1015 2277 viantes
1055 2218 1185 2276 delirant
1222 2238 1240 2276 a
1278 2217 1326 2275 via

337 2308 470 2380 Domini,
517 2311 553 2365 de
592 2322 676 2366 tanto
715 2311 897 2365 subtrahunt
935 2327 952 2364 a
991 2306 1201 2380 complecione
1240 2304 1326 2362 istius
1338 2329 1371 2363 πο

336 2396 464 2456 numeri.
488 2399 558 2453 ldeo
579 2396 657 2453 sicut
681 2396 793 2453 diaboli
817 2396 958 2452 timentes
973 2397 1013 2451 de
1036 2412 1114 2469 pena
1138 2393 1197 2450 diei
1221 2392 1326 2450 iudicii

337 2497 486 2558 temptant
521 2483 659 2541 homines
693 2498 762 2541 ante
794 2486 957 2540 adventum
997 2483 1035 2539 ad
1069 2481 1144 2537 illud
1178 2480 1325 2537 iudicium

338 2585 546 2646 prorogantes,
579 2571 621 2628 sic
647 2571 815 2628 mundiales
845 2570 982 2627 homines
1010 2587 1045 2626 ac
1073 2568 1097 2625 si
1127 2568 1237 2625 vellent
1260 2586 1327 2643 per·

338 2672 463 2733 petuare
486 2679 572 2716 suam
597 2658 740 2733 quietem,
766 2658 796 2714 in
820 2658 866 2714 ria
891 2656 1061 2731 impediunt
1086 2655 1325 2730 complecionem

338 2747 457 2803 numeri
483 2749 651 2806 beatorum.
1339 2751 1370 2802 25

127 2836 323 2931 ltlfietssffsgtryfit
382 2835 441 2890 Sed
475 2833 648 2890 consolacio
681 2834 812 2907 quedam
843 2846 886 2888 est
916 2831 1151 2889 christianorum
1176 2829 1206 2886 in
1229 2828 1326 2887 omni-

132 2902 198 3001 maile
213 2901 241 2984 ait
257 2900 322 2982 sitisti
339 2919 480 2995 potencia
518 2936 546 2978 et
598 2920 815 2977 omnisciencia
857 2919 967 2976 Christi
1008 2917 1201 2976 credencium
1245 2918 1328 2992 quod

136 2993 313 3047 ¹⁰¹‘⁰¹¹‘g⁰⁰“¹·
339 3007 442 3064 omnia
476 3007 532 3064 ista
562 3027 621 3082 que
650 3007 698 3064 isti
728 3006 841 3063 diaboli
867 3007 979 3063 faciunt
1004 3008 1041 3063 ad
1066 3005 1191 3063 ecclesie
1215 3003 1326 3061 Christi

340 3094 590 3169 impedimentum
630 3097 736 3151 cedent
775 3093 831 3169 ipsi
861 3094 984 3150 ecclesie
1023 3096 1060 3150 ad
1095 3096 1220 3161 bonum,
1255 3093 1326 3166 quia

339 3185 504 3238 secundum
529 3184 706 3256 Apostolum
735 3184 821 3239 Rom.
844 3183 920 3255 Vlll,
947 3187 1002 3240 28:
1033 3181 1148 3237 Scimus
1169 3180 1236 3256 quia
1260 3179 1371 3239 dili-30

339 3270 473 3347 gentibus
495 3271 591 3326 Deum
616 3270 712 3325 onmia
736 3281 933 3345 cooperantur
958 3270 997 3325 ad
1020 3270 1135 3330 bonum.
1168 3269 1246 3323 Nam
1265 3285 1327 3323 non

341 3370 385 3413 est
416 3357 519 3432 aliqua
553 3356 720 3431 corporalis
753 3355 929 3431 persecucio
957 3354 1137 3413 Antichristi
1165 3355 1213 3412 vel
1240 3353 1327 3428 spiri·

341 3444 431 3501 tualis
464 3444 640 3520 persecucio
673 3443 798 3501 heretici
830 3443 878 3500 hic
910 3443 941 3499 in
973 3443 1030 3515 via,
1070 3442 1144 3519 quin
1176 3443 1256 3500 valet
1288 3442 1327 3497 ad

342 3532 557 3606 purgacionem
586 3533 633 3589 vel
657 3545 845 3589 crementum
869 3530 963 3605 glorie
992 3529 1189 3605 predestinati
1213 3528 1245 3586 in
1268 3529 1327 3585 fide

342 3620 453 3677 Christi
491 3620 621 3678 finaliter
659 3618 856 3693 persistentis.
896 3621 932 3674 Et
971 3619 1026 3675 hec
1069 3617 1152 3675 racio
1191 3629 1326 3674 moveret
1339 3622 1369 3674 35

343 3707 445 3765 lideles
473 3708 504 3764 in
532 3707 596 3765 istis
625 3705 890 3781 persecucionibus
920 3705 1065 3763 delectari
1089 3718 1118 3763 et
1141 3705 1172 3761 in
1196 3717 1326 3778 tempta-

342 3794 479 3852 cionibus
513 3795 625 3852 diaboli
658 3793 784 3852 viriliter
817 3795 982 3852 decertare.
1022 3795 1098 3851 Cum
1132 3792 1211 3850 enim
1247 3794 1326 3848 Deus

341 3883 461 3940 ordinat
486 3882 543 3940 ista
566 3885 604 3939 ad
629 3884 742 3939 bonum
767 3900 819 3938 sue
843 3879 979 3950 ecclesie,
1012 3894 1045 3937 ut
1077 3893 1161 3954 patet
1190 3897 1224 3936 ex
1257 3879 1326 3948 fide,

341 3970 409 4045 quis
441 3971 584 4028 fundatus
617 3969 647 4026 in
684 3969 752 4041 fide,
787 3987 839 4043 spe
872 3982 901 4025 et
930 3967 1055 4025 caritate
1084 3986 1146 4024 non
1175 3965 1327 4041 acciperet

342 4057 415 4114 istos
445 4071 567 4115 eventus
590 4076 721 4132 quorum
752 4057 866 4113 fructus
891 4059 971 4112 Deus
1000 4053 1151 4112 ordinavit
1180 4056 1218 4111 ad
1247 4054 1371 4120 hunc4o

343 4145 452 4202 linem?
476 4147 562 4203 Unde
586 4146 716 4219 quedam
735 4143 890 4201 evidencia
911 4144 1072 4200 consolans
1089 4161 1174 4216 spem
1192 4139 1325 4197 fidelium

395 4466 411 4496 r.
431 4455 465 4497 A:
490 4454 550 4495 euim
570 4452 642 4494 deest.
722 4465 761 4505 40.
786 4453 819 4495 h:
840 4450 950 4499 ordinat:
971 4451 995 4493 B.
1011 4451 1119 4493 correxit.
