3098 5130
207 513 276 557 aur.
296 499 337 582 a]
492 517 537 568 na
558 516 794 568 nnrtcnatsro
815 519 877 568 uta.
898 517 915 568 t.
963 536 965 543 .

209 683 245 736 de
268 679 412 736 fratribus
429 692 457 735 et
480 678 541 735 suis
558 678 774 753 complicibus;
799 680 886 737 etsie
904 681 1048 738 claudunt
1064 700 1191 755 regnum

208 768 341 824 celorum
367 767 448 823 iuxta
471 785 591 823 sensum
617 766 794 841 expositum.

252 856 392 911 Secundo
416 855 508 910 modo
533 855 678 910 claudunt
695 872 821 929 regnum
838 855 985 922 celorum,
1008 874 1046 913 ne
1062 874 1079 912 a
1096 873 1194 912 sacer-

209 941 329 998 dotibus
353 940 540 1015 evangelium
566 940 750 1012 addiscatur,
775 956 807 998 ut
831 961 910 1017 papa
935 955 1054 1016 reputat
1079 942 1194 999 theolo-

185 1035 277 1102 §gum
295 1028 458 1086 inhabilem
478 1042 509 1085 ut
529 1042 657 1103 occupet
674 1028 805 1103 aliquem
823 1029 1002 1103 dignitatem
1020 1029 1051 1086 in
1068 1030 1195 1087 ecclesia

209 1116 358 1173 militante
389 1117 436 1172 vel
467 1115 597 1190 accipiat
631 1115 815 1190 stipendium
855 1118 892 1174 de
931 1116 995 1190 ipsa
1034 1119 1071 1174 ad
1111 1135 1195 1173 sacre

209 1196 326 1277 pagine
349 1203 562 1263 insudandum.
596 1205 633 1260 Et
665 1203 746 1260 idem
778 1203 897 1261 videtur
929 1205 965 1260 de
994 1203 1144 1279 episcopis
1168 1217 1196 1262 et

209 1290 417 1365 complicibus,
444 1289 570 1347 istorum
611 1292 797 1365 prelatorum
837 1304 865 1347 et
903 1303 1028 1366 propter
1073 1309 1195 1349 causam

208 1377 295 1434 istam
320 1391 352 1435 ut
369 1377 535 1452 plurimum
552 1396 638 1434 sacra
655 1378 766 1453 pagina
782 1391 825 1434 est
842 1379 974 1448 deserta3
1000 1390 1028 1435 et
1052 1380 1090 1434 ad
1115 1377 1194 1435 idem

169 1465 321 1522 utlaciunt
345 1467 464 1522 decreta
489 1477 517 1522 et
542 1466 706 1522 decretales
730 1483 789 1540 que
813 1478 882 1522 sunt
906 1466 986 1539 leges
1010 1466 1143 1540 papales.

252 1554 338 1610 Unde
362 1552 537 1609 Parisiensis
560 1552 590 1608 in
614 1566 745 1610 tractatu
768 1572 823 1609 suo
840 1555 876 1610 de
893 1552 1024 1609 avaricia
1041 1552 1196 1610 concludit

209 1639 296 1697 istam
334 1639 517 1696 sentenciam
552 1639 742 1697 familiariter
775 1643 829 1697 sub
863 1639 919 1696 hiis
950 1639 1063 1697 verbis:
1092 1640 1195 1715 Amor,

210 1726 317 1802 inquit,
342 1727 416 1805 legis
440 1727 536 1782 divine
552 1739 579 1783 et
594 1728 790 1784 contradiccia
805 1728 927 1783 sciencie
946 1728 1131 1785 decretorum
1148 1746 1195 1783 co-

209 1815 339 1871 hiberent
371 1815 501 1870 homines
524 1833 541 1869 a
563 1815 659 1872 studio
683 1833 793 1872 eorum.
827 1813 874 1872 De
896 1832 998 1870 amore
1022 1815 1097 1892 legis
1129 1814 1197 1870 dicit

171 1906 197 1956 15
213 1902 395 1979 Gregorius:
425 1902 475 1977 qui
502 1901 599 1978 diligit
632 1921 743 1979 regem,
776 1901 873 1979 diligit
905 1903 966 1957 eius
997 1901 1091 1980 legem
1115 1913 1142 1957 et
1170 1901 1197 1956 in

209 1989 345 2045 Psalmo:
368 1989 512 2063 Palpebre
535 1989 595 2044 eius
618 1989 805 2067 interrogant
818 1989 903 2065 filios
938 1989 1095 2045 hominum.
1130 1988 1197 2044 Pal·

206 2077 297 2150 pebre
332 2087 428 2130 autem
461 2076 630 2151 quandoque
661 2088 728 2131 sunt
761 2076 859 2132 clause
890 2076 1062 2152 quandoque
1088 2087 1197 2151 aperte.

210 2163 354 2239 Palpebre
377 2163 546 2238 quandoque
567 2163 686 2240 signant
709 2182 825 2220 sacram
849 2164 1027 2239 scripturam
1044 2180 1097 2237 que
1112 2162 1201 2217 alicui

210 2262 252 2306 est
283 2247 419 2322 obscura,
453 2250 543 2305 alicui
573 2261 614 2306 est
651 2262 766 2326 aperta.
810 2251 872 2319 Qne
904 2252 1089 2327 interrogant
1112 2249 1199 2326 filios

168 2338 357 2394 aohominnm
391 2349 488 2393 utrum
522 2349 618 2394 ament
641 2338 748 2394 Deum.
782 2338 904 2415 Signum
937 2338 1011 2393 enim
1036 2336 1132 2392 divine
1155 2336 1198 2391 di·

211 2425 344 2481 leccionis
374 2436 426 2495 est,
459 2443 522 2480 cum
557 2425 621 2500 quis
652 2425 768 2481 laborat
801 2425 922 2480 libenter
945 2424 972 2478 in
995 2423 1091 2480 studio
1113 2441 1199 2479 sacre

209 2513 362 2588 scripture.
401 2513 495 2568 Sacra
534 2530 603 2567 vero
639 2512 788 2587 scriptura
826 2513 947 2568 multum
986 2510 1199 2586 contempnitur

207 2612 333 2675 propter
369 2599 521 2656 scienciam
561 2600 761 2668 decretorum;
798 2600 873 2655 unde
906 2609 1003 2674 potest
1035 2597 1093 2654 dici
1122 2597 1199 2671 quad

210 2687 279 2742 dicit
302 2688 379 2742 Sara
403 2688 442 2742 ad
465 2686 640 2742 Habraltam
669 2686 740 2742 Gen.
765 2686 846 2752 XVI,
869 2681 907 2742 5.·
929 2685 1028 2759 Inique
1050 2684 1117 2762 agis
1133 2703 1198 2740 con-

1224 865 1389 978 diseiuiiging

1226 971 1265 1014 tlte
1279 972 1348 1027 study
1362 976 1385 1014 ot

1252 1023 1369 1078 theology,

1226 1549 1310 1603 setting
1325 1549 1389 1591 aside

1224 1601 1262 1644 tlte
1276 1601 1397 1655 Scripture

1264 1653 1300 1695 lor
1315 1655 1353 1696 tlte

1249 1706 1370 1751 decretale.

168 2777 257 2829 eitra
290 2793 353 2843 me,·
383 2792 439 2852 ego
467 2774 535 2829 dedi
561 2773 698 2830 ancillam
732 2791 824 2830 meam
849 2774 876 2828 in
899 2772 992 2829 sinum
1016 2782 1106 2826 tuum.
1136 2767 1416 2840 Queandrnnfor'tne

117 2863 181 2925 put'·
212 2861 311 2917 videns
333 2861 411 2936 quod
433 2860 562 2936 concepit
591 2861 738 2936 despectui
765 2879 810 2916 me
837 2860 931 2916 habet.
955 2858 1070 2914 Ancilla
1090 2859 1095 2928 1
1115 2876 1200 2914 sacre

210 2943 357 3023 scriptura
379 2948 503 3004 sciencia
528 2958 569 3003 est
593 2948 778 3004 decretorum
802 2965 857 3022 que
879 2965 996 3003 sacram
1020 2945 1198 3020 scripturam

211 3035 295 3091 habet
330 3036 478 3110 despectui
506 3046 631 3110 propter
647 3036 784 3109 fructum
818 3034 895 3090 lucri
916 3033 993 3108 quod
1016 3051 1111 3088 exea
1135 3051 1199 3089 con-

210 3122 347 3196 sequitur.
373 3123 413 3177 Et
439 3122 543 3178 Gener.
568 3123 649 3193 XXI,
674 3137 722 3179 10:
744 3123 862 3199 signata
886 3131 928 3177 est
948 3120 1097 3196 oppressio
1114 3138 1199 3194 quam

170 3209 281 3282 'losacit
313 3210 435 3265 sciencia
468 3209 611 3265 lucrativa
644 3227 729 3265 sacre
760 3209 908 3284 scripture
938 3225 995 3283 per
1021 3207 1121 3263 ludum
1146 3225 1201 3281 quo

212 3297 393 3371 opprimebat
419 3296 525 3352 Ismael
547 3296 639 3354 Isaac.
676 3297 758 3351 Unde
789 3297 862 3352 sicut
886 3295 1018 3370 precepit
1041 3294 1202 3350 Dominus:

212 3384 282 3439 Eice
319 3384 456 3440 ancillam
495 3394 522 3439 et
548 3381 647 3458 filium
680 3383 757 3453 eius‚·
794 3383 836 3439 sic
861 3383 949 3456 sorte
980 3399 1094 3438 necesse
1129 3392 1201 3438 esset

211 3470 362 3527 scienciam
387 3471 469 3526 illam
493 3471 521 3525 in
545 3488 654 3547 magna
674 3481 763 3546 parte
785 3470 820 3525 ab
844 3470 963 3525 ecclesia
987 3468 1114 3529 excludi.

255 3559 316 3615 Nec
339 3558 432 3614 solum
457 3558 669 3633 contempnitur
691 3576 777 3613 sacra
801 3556 949 3632 scriptura
971 3575 1027 3632 per
1048 3555 1200 3612 scienciam

170 3648 200 3698 35
212 3645 303 3711 illam,
327 3646 414 3701 inrma
432 3645 520 3701 eciam
532 3644 753 3720 blasphematur
768 3656 793 3701 et
811 3644 838 3699 in
855 3663 887 3700 ea
904 3644 965 3719 ipse
983 3645 1072 3712 Deus,
1095 3644 1145 3717 qui
1159 3653 1201 3698 est

213 3732 377 3808 legislator.
402 3732 489 3800 Qrtad
504 3733 619 3788 videtur
626 3732 796 3809 figuratum
813 3749 875 3787 esse
898 3731 1026 3787 Levitico
1036 3730 1145 3799 XXIV,
1158 3744 1202 3801 10,

213 3819 261 3874 nbi
271 3820 381 3897 legitur
385 3820 472 3896 filius
482 3819 612 3874 mulieris
624 3819 798 3876 Israelitidis
817 3837 899 3894 quem
915 3828 1074 3894 pepererat
1090 3818 1125 3872 de
1138 3817 1201 3872 viro

213 3906 353 3984 Egypcio
377 3908 514 3984 iurgatur
530 3917 571 3962 est
588 3924 652 3962 cum
670 3907 734 3962 viro
757 3906 917 3962 Israelitico
943 3916 970 3960 et
991 3904 1202 3980 blasphemavit

235 4195 359 4254 flant
376 4208 462 4259 mnrp:
479 4206 501 4239 2.
555 4195 814 4259 7.B:r'nsuadandum.
879 4208 909 4251 ¹7·
924 4197 958 4240 A:
975 4196 1116 4251 quandoque
1129 4195 1200 4238 deest.

214 4256 250 4290 an.
266 4249 295 4290 u:
310 4255 448 4303 conceperit.
516 4247 549 4303 37.
565 4250 593 4292 ll:
608 4254 707 4304 peperit.

271 4407 308 4439 rt.
328 4391 368 4440 Ct'.
388 4393 425 4440 tte
445 4391 606 4441 Eucharistia
625 4409 651 4457 p.
672 4407 730 4450 222,
751 4393 767 4440 l.
788 4407 828 4440 ao.
853 4392 940 4455 Opera
960 4391 1114 4441 Parisiensis
1137 4390 1200 4440 mihi

216 4462 247 4509 ad
268 4477 376 4509 manum
396 4478 448 4510 non
467 4471 535 4511 sunt.
594 4462 780 4525 14.t)eEcct.
801 4478 825 4526 p.
850 4461 907 4511 151.
974 4460 1012 4509 18.
1032 4462 1074 4510 ts.
1092 4461 1123 4522 X,
1144 4460 1167 4509 5.

1228 2821 1281 2863 sake
1295 2820 1322 2863 ol
1333 2831 1394 2874 gain.
