3098 5130
214 495 282 542 CAP.
297 484 374 568 xlll]
503 501 549 551 DE
568 500 807 551 ANTICHRISTO
827 502 891 551 LlB.
910 503 928 551 l.
1375 508 1409 563 7Ι

257 664 333 720 Cum
358 680 430 736 ergo
447 660 550 719 omnia
573 659 730 718 individua
753 659 864 736 speciei
882 664 1013 719 humane
1037 661 1098 719 sint
1121 682 1198 719 unus
1234 672 1315 716 Those
1329 672 1391 717 from

214 752 306 807 homo
339 764 368 807 et
397 749 500 807 omnia
533 747 598 822 ipsa
622 747 653 804 in
677 750 758 805 bono
781 749 827 806 vel
853 750 933 805 malo
958 749 1197 822 communicant,
1213 724 1414 822 ᾞζᾞοῖζῖξῖξζ

214 836 400 895 racionabile
433 849 462 893 et
494 834 698 909 theologicum
728 835 846 893 videtur
874 838 956 911 quod
989 836 1198 911 imprimentes
1260 837 1369 927 ‘sffigrfss‘

214 925 244 982 in
283 924 392 1000 spiritu
431 922 662 980 similitudinem
688 922 760 979 boni
783 924 830 979 vel
869 923 940 980 mali
975 923 1099 981 moralis
1137 924 1198 981 sint
1351 914 1356 926 ⁸

189 1018 315 1087 5patres
339 1011 444 1068 talium
468 1010 610 1067 liliorum.
635 1011 673 1065 Et
693 1009 745 1066 illo
763 1012 854 1067 modo
878 1009 952 1067 dicit
973 1010 1198 1068 Chrisostomus

213 1102 295 1174 quod
335 1116 426 1156 omne
467 1110 626 1172 peccatum
664 1097 790 1154 humani
828 1097 945 1171 generis
988 1097 1135 1172 processit
1182 1117 1199 1155 a

213 1186 313 1261 primo
330 1199 454 1261 peccato
471 1183 561 1259 primi
585 1183 679 1258 patris
697 1183 846 1241 mendacii
870 1197 899 1241 et
922 1198 1048 1258 peccata
1066 1186 1199 1242 humana

213 1293 293 1330 nunc
316 1275 371 1329 sub
395 1290 455 1329 una
478 1270 676 1345 generacione
710 1289 790 1328 nunc
822 1273 861 1329 ad
884 1270 976 1328 aliam
1009 1286 1079 1328 sunt
1103 1285 1199 1328 trans-

214 1361 285 1438 lata,
324 1373 357 1417 ut
388 1376 470 1415 nunc
509 1359 629 1414 suerunt
662 1357 692 1414 in
721 1357 884 1432 gentilibus
916 1377 996 1415 nunc
1032 1358 1062 1415 in
1085 1358 1197 1430 iudeis,

175 1461 242 1504 roet
265 1466 346 1504 nunc
369 1447 401 1503 in
423 1465 485 1503 uno
508 1445 621 1521 populo
645 1458 674 1502 et
697 1464 778 1502 nunc
801 1445 832 1502 in
856 1445 964 1518 altero,
988 1458 1017 1503 et
1039 1460 1197 1521 peccatum

213 1534 386 1592 omissionis
408 1534 456 1590 vel
479 1530 703 1590 commissionis
727 1532 816 1589 unius
839 1532 944 1608 populi
962 1533 1197 1608 multiplicatum

214 1624 314 1697 quoad
353 1636 472 1696 tempus
507 1633 537 1678 et
574 1636 719 1694 personas
751 1634 850 1695 potest
883 1637 947 1677 esse
980 1638 1071 1677 causa
1104 1639 1199 1695 quare

214 1722 321 1782 regnat
345 1722 503 1783 peccatum
529 1721 558 1764 et
581 1705 693 1764 filiacio
718 1706 831 1764 diaboli
855 1707 885 1763 in
910 1709 1027 1768 eodem.

258 1799 294 1852 Et
317 1796 359 1853 sic
376 1796 445 1852 licet
468 1794 506 1852 sit
522 1794 610 1852 nobis
629 1793 814 1867 insensibile,
832 1794 928 1851 iustus
952 1795 1114 1851 carnaliter
1136 1814 1198 1851 non
1215 1802 1281 1865 plens
1295 1803 1409 1847 innuence

175 1885 378 1958 15pr0creans
418 1885 541 1957 prodest
579 1894 659 1938 terre
692 1901 783 1956 quam
817 1881 921 1939 incolit
958 1881 1034 1938 sicut
1067 1881 1196 1938 iniustus
1208 1855 1414 1963 'wyfff'gsssffd'ssefm

214 1970 351 2045 ypocrita
385 1968 421 2026 de
445 1969 546 2044 aliqua
570 1968 696 2026 istarum
721 1983 870 2025 sectarum
901 1982 1031 2043 quatuor
1054 1981 1198 2044 preparat
1285 1961 1337 2005 evit.

214 2072 248 2115 ut
277 2071 436 2133 peccatum
475 2058 558 2132 quod
593 2056 676 2131 prius
713 2054 850 2130 regnavit
882 2055 913 2112 in
945 2074 1006 2112 una
1039 2069 1120 2113 terra
1151 2056 1198 2112 vel

215 2146 329 2220 populo
353 2145 384 2201 in
407 2143 459 2200 illo
483 2142 598 2219 populo
615 2141 797 2201 dominetur.
823 2142 908 2200 Sicut
932 2142 1011 2199 enirn
1037 2161 1054 2198 a
1074 2142 1145 2198 Tito
1169 2155 1198 2198 et

216 2231 403 2307 vaspasiano
420 2230 555 2305 regnavit
571 2230 738 2306 corporalis
754 2229 867 2287 occisio
884 2244 1022 2304 tempore
1040 2228 1198 2286 martirum

173 2320 247 2376 aoin
272 2319 419 2376 Romanis
443 2317 606 2389 cesaribus,
631 2316 674 2374 sic
697 2335 731 2373 ex
754 2330 881 2391 peccato
904 2316 1077 2372 omissionis
1101 2335 1199 2373 sacer·

215 2409 321 2464 dotum
346 2405 398 2480 qui
421 2407 589 2461 debuerant
611 2403 697 2478 sequi
722 2404 876 2461 Christum
895 2403 1030 2478 regnavit
1052 2402 1199 2477 ypocrisis

217 2494 300 2568 peius
325 2512 416 2568 quam
441 2505 600 2567 peccatum
618 2510 756 2548 cesarum
781 2490 811 2547 in
836 2490 1044 2548 sacerdotibus
1061 2504 1198 2564 tempore

216 2581 305 2655 longe
322 2579 519 2656 sequentibus
536 2593 564 2636 et
581 2577 754 2653 specialiter
777 2577 808 2634 in
824 2577 970 2635 Romanis
990 2576 1198 2652 pontificibus.

258 2670 346 2726 Unde
385 2669 552 2724 secundum
587 2668 711 2724 modurn
745 2664 889 2740 loquendi
923 2665 1011 2722 huius
1035 2663 1130 2722 sancti
1155 2663 1197 2720 illi
1242 2656 1380 2700 Theworsr

172 2763 284 2812 25sunt
320 2755 503 2830 principales
541 2753 666 2810 heretici
704 2752 756 2828 qui
788 2772 850 2810 non
892 2751 1071 2828 imprimunt
1106 2752 1196 2808 fidem
1222 2709 1402 2805 riiiiliilsio

215 2842 325 2899 Christi
358 2855 387 2898 et
419 2842 545 2898 virtutes
579 2841 708 2899 morales
741 2859 795 2915 per
822 2840 992 2897 doctrinam
1024 2838 1104 2895 mitis
1132 2857 1199 2912 pre·
1216 2814 1409 2916 lsslthff‘ffihusshj

214 2928 379 2987 dicacionis
402 2942 432 2986 et
456 2929 591 3003 exempla
614 2928 673 2985 vite
698 2926 879 3002 evangelice,
902 2930 954 2984 sed
978 2945 1027 2984 ars
1051 2945 1104 2982 sua
1128 2944 1198 2982 con·
1222 2919 1397 3014 mdlfflsor

215 3016 292 3073 sistit
316 3016 346 3072 in
371 3017 428 3073 isto
445 3019 526 3092 quod
549 3035 602 3090 per
625 3015 810 3072 tradiciones
828 3017 977 3072 humanas
995 3013 1199 3088 multiplicant
1231 3023 1307 3066 setfisn
1322 3023 1388 3066 ends.

216 3123 357 3160 censuras
373 3103 521 3161 terrificas
532 3117 561 3159 et
577 3122 630 3178 per
640 3103 715 3159 tales
728 3101 905 3159 coacciones
923 3101 1090 3176 exspoliant
1102 3119 1198 3175 popu·

173 3200 205 3248 30
216 3192 288 3253 lum.
314 3193 350 3246 Et
374 3191 431 3247 ista
455 3189 602 3265 ypocrisis
625 3203 669 3246 est
693 3191 782 3263 longe
799 3188 999 3263 periculosior
1022 3186 1198 3262 persecucio

216 3278 350 3334 fidelium
381 3297 472 3352 quam
505 3277 561 3335 luit
584 3277 668 3352 prior
691 3276 866 3351 persecucio
895 3275 1062 3350 corporalis
1086 3273 1198 3349 princi-

216 3385 287 3439 pum
327 3364 497 3442 gentilium,
535 3365 607 3439 quia
640 3363 788 3421 direccius
821 3362 903 3420 vadit
937 3365 976 3420 ad
1010 3361 1144 3418 animam
1170 3376 1199 3418 et

215 3452 385 3525 generalius
408 3454 574 3511 secundum
598 3450 762 3526 ypocrisim
787 3469 846 3525 que
870 3464 914 3506 est
937 3468 1056 3506 summa
1080 3449 1198 3506 cautela

216 3538 329 3595 diaboli
353 3540 483 3613 surrepit
507 3538 643 3595 inliciens
667 3539 768 3613 plures
792 3537 929 3594 homines
952 3536 983 3592 in
1006 3554 1061 3592 suo
1089 3535 1197 3610 spiritu

173 3632 203 3683 35
215 3640 247 3682 ut
271 3628 488 3700 dampnentur;
513 3640 541 3682 et
558 3639 681 3701 propter
698 3627 775 3682 hanc
796 3623 948 3681 racionem
968 3625 1077 3680 debent
1094 3623 1198 3679 fideles

215 3712 387 3787 ubicunque
425 3712 551 3771 vixerint
590 3732 658 3769 curn
692 3710 829 3786 vigilanti
866 3709 1059 3768 attendencia
1097 3710 1198 3766 vivere

214 3800 305 3857 vitam
354 3801 463 3858 iustam
497 3813 527 3856 et
559 3799 673 3857 hortari
711 3817 754 3856 ac.
791 3816 915 3856 monere
964 3798 1121 3873 populum,
1165 3810 1197 3852 ut

214 3900 379 3962 sequantur
412 3886 536 3962 vestigia
567 3889 636 3944 Jesu
669 3885 781 3944 Christi
813 3885 893 3961 quia,
919 3884 1089 3942 declinante
1117 3884 1197 3940 clero

120 3979 186 4047 4¹¹⁶
214 3978 252 4033 ad
269 3976 404 4032 seculum
422 3976 586 4031 secundum
605 3987 761 4030 extraneas
785 3987 814 4029 et
837 3991 931 4029 novas
948 3972 1067 4046 regulas
1088 3965 1093 4051 Ι
1113 3971 1197 4027 Anti·

170 4060 329 4133 40christi,
364 4061 489 4120 ecclesia
523 4059 724 4118 militancium
755 4073 799 4116 est
822 4059 853 4116 in
886 4059 947 4129 illa,
986 4072 1015 4115 et
1038 4072 1135 4114 totum
1161 4059 1198 4114 de

264 4334 283 4376 5.
298 4335 320 4377 Α
339 4334 361 4376 in
382 4345 469 4388 marg:
504 4331 573 4427 3uod
595 4330 673 4374 omnm
695 4327 815 4374 {redividare
836 4329 923 4383 speciei
943 4329 1044 4371 lrmnane
1065 4331 1120 4370 tunt
1138 4338 1198 4371 unus

213 4387 289 4429 bomo.
360 4398 391 4429 21.
407 4386 435 4429 B:
451 4386 493 4440 qui
522 4384 625 4428 ciebant.
704 4381 734 4435 31,
749 4380 782 4425 32.
797 4384 832 4425 A:
843 4381 994 4436 principiam.
1068 4378 1102 4423 33.
1117 4378 1146 4422 B:
1162 4392 1197 4423 se·

213 4439 310 4482 cundum
324 4437 395 4481 deest.
463 4449 500 4487 40.
515 4438 549 4479 A:
570 4437 594 4480 r'n
609 4436 685 4488 dcest;
700 4433 729 4477 B:
744 4434 834 4477 imilla.
