3030 5130
162 886 285 930 Excessim-

146 941 259 982 attention
274 946 299 979 tn

134 992 236 1033 external
253 991 313 1032 cules

129 1046 153 1086 in
167 1047 205 1085 th.-
218 1044 320 1085 rtaioer.

142 2920 311 2962 (Ilirrsostom

133 2972 147 3014 Ἰ
156 2974 184 3013 he
193 2968 325 3027 hypocrisi·

124 3032 148 3065 nt
162 3026 200 3065 the
215 3024 322 3078 pharisee

127 3077 179 3168 iit-pt
194 3078 255 3118 them
271 3078 332 3117 t'tom

161 3128 268 3181 »eliesing
283 3129 306 3169 in

184 3180 273 3222 (ilitio.

578 473 669 523 orus
687 472 940 524 uvanonticuu
962 474 1025 523 iia.
1046 473 1086 523 ιιι.
1198 454 1279 537 [car.
1295 465 1327 509 ι·.

340 652 357 689 a
382 634 531 708 probabili
564 652 597 690 ex
631 633 747 691 fervore
781 634 895 690 amoris
926 632 1024 707 tetigit
1057 634 1172 689 nudum
1202 651 1329 706 corpus:

341 720 450 778 lemine
474 719 553 778 enim
580 734 706 795 possunt
730 739 763 777 ex
779 720 945 779 devocione
962 721 1062 778 dicere
1077 719 1329 777 condicionaliter

340 807 497 865 ceritatem
521 807 699 866 abscondite
722 821 751 865 et
775 808 915 865 veritates
938 808 1014 864 alias
1037 808 1171 864 reticere.
1191 804 1198 886 Ι

385 897 427 951 De
458 895 552 969 signis
583 910 684 952 autem
709 893 787 965 aliis,
820 910 853 952 ut
885 895 1009 952 nutibus
1032 895 1119 952 iactis
1141 895 1172 950 in
1196 895 1330 951 claustro
1358 894 1436 957 noti·

340 982 449 1039 virtute
479 982 588 1039 serrati
612 982 738 1051 silencii,
770 1001 832 1039 non
857 997 901 1039 est
924 1001 1002 1057 opus
1025 983 1114 1039 unius
1136 982 1195 1038 diei
1219 981 1355 1055 demo-5

340 1087 423 1126 mere
454 1083 603 1143 quantum
637 1068 770 1143 religiosi
804 1069 940 1126 moderni
972 1088 1026 1144 per
1063 1071 1175 1141 dogma
1213 1068 1327 1124 diaboli

339 1170 408 1213 sunt
440 1157 572 1219 seducti:
606 1170 634 1214 et
669 1156 712 1213 sic
745 1156 875 1230 religiosi
910 1156 1006 1214 nostri
1034 1171 1096 1213 tam
1123 1155 1328 1230 inscriptura

338 1263 430 1319 quam
464 1244 494 1299 in
527 1244 716 1301 ornamentis
746 1244 882 1318 corporis
914 1257 943 1301 et
975 1243 1069 1317 signis
1091 1243 1159 1300 aliis
1182 1256 1328 1317 superant

339 1330 506 1404 phariseos,
539 1333 591 1388 sed
623 1345 692 1388 sunt
727 1333 829 1404 quoad
855 1331 1051 1388 christianam
1081 1329 1258 1404 religionem
1282 1330 1328 1385 in·

338 1418 511 1475 sensibilem
536 1419 666 1493 amplius
682 1417 835 1476 diminuti.
860 1420 936 1475 Cum
954 1418 1035 1474 enim
1052 1418 1146 1474 uirtus
1161 1436 1215 1473 sua
1231 1431 1328 1473 atten·
1342 1431 1377 1465 ¹0

339 1505 400 1562 tira
423 1505 462 1562 sit
484 1506 582 1562 solum
609 1505 696 1562 linita
727 1519 755 1561 et
779 1507 851 1561 dum
877 1505 966 1562 tuerit
994 1505 1024 1560 in
1049 1504 1274 1562 insensibilibus
1298 1518 1328 1559 et

339 1611 446 1667 patum
486 1593 516 1648 in
556 1592 748 1650 sensibilibus
785 1595 953 1649 secundum
991 1592 1163 1649 doctrinam
1203 1589 1327 1647 Domini

341 1682 510 1748 moderata,
534 1682 634 1736 adbuc
658 1680 703 1736 sis
727 1695 859 1736 seruaret
884 1679 1060 1754 religionem
1078 1699 1170 1755 quam
1188 1678 1327 1735 Christus

340 1766 479 1827 instituit.
512 1781 595 1840 patet
627 1769 709 1841 quod
743 1785 864 1823 necesse
896 1781 951 1827 est.
983 1768 1055 1822 dum
1089 1767 1119 1823 in
1148 1766 1212 1822 istis
1235 1764 1328 1838 signis

339 1853 530 1910 sensibilibus
551 1868 729 1928 occupatur,
754 1869 786 1910 ut
809 1873 928 1911 sensum
947 1853 1101 1927 religionis
1116 1852 1237 1910 Domini
1261 1870 1328 1926 pre·
1344 1851 1375 1901 ¹5

339 1941 497 2000 termittat.

383 2031 420 2085 Et
444 2047 477 2084 es
503 2028 567 2084 istis
590 2028 795 2085 Antichristus
818 2029 993 2102 blaspheme
1017 2029 1133 2083 colorat
1156 2024 1328 2082 ordinacio-

339 2134 408 2171 nem
432 2135 518 2173 suam
543 2118 624 2191 quod
649 2116 680 2172 in
704 2115 838 2172 bonitate
861 2114 1017 2189 religionis
1033 2116 1112 2171 sicut
1131 2113 1161 2169 in
1186 2113 1253 2170 aliis
1270 2111 1328 2168 rir-

341 2202 455 2259 tutibus
487 2218 609 2276 superat
644 2202 802 2260 dominum
833 2205 935 2259 Jesum
969 2202 1134 2271 Christum,
1169 2203 1220 2256 sed
1252 2218 1328 2274 rogo

340 2288 517 2364 simpliciter
549 2292 631 2365 quod
660 2290 776 2347 l'eritas
809 2289 907 2347 vincat
940 2288 1027 2346 istam
1061 2290 1167 2345 salsam
1196 2301 1226 2343 et
1250 2288 1375 2343 blas-20

341 2378 483 2450 phcmam
500 2377 712 2434 estollenciam
734 2396 826 2451 supra
842 2376 1007 2434 Christum.
1031 2376 1098 2433 alia
1122 2389 1223 2431 autem
1240 2373 1326 2449 signa

341 2478 498 2537 tamquam
538 2464 633 2538 ligure
672 2464 812 2521 mentalis
851 2463 971 2521 habitus
1009 2477 1078 2520 sunt
1111 2463 1199 2536 plura
1233 2480 1325 2534 quam

342 2550 461 2607 luerunt
486 2551 581 2623 ligure
605 2551 814 2625 phariseorum
839 2551 869 2608 in
893 2550 984 2607 reteri
1010 2564 1201 2609 testamento.

749 2774 856 2839 CAP.
879 2774 924 2838 V.

386 2917 591 2975 Crisostomus
628 2932 730 2975 autem
769 2937 860 2992 super
897 2918 955 2974 isto
988 2932 1067 2975 testu
1101 2916 1144 2973 sic
1176 2915 1373 2991 loquitur:25

323 3005 499 3079 sPostquam
515 3024 607 3083 supra
622 3006 807 3062 sacerdotum
824 3017 851 3062 ct
864 3005 1070 3082 phariseorum
1091 3015 1118 3060 et
1133 3005 1326 3060 saduceorum

342 3093 573 3149 contencionibus
605 3105 730 3149 uexatus
751 3105 803 3153 est.
835 3094 864 3148 iu
890 3093 951 3148 suis
972 3105 1068 3148 autem
1094 3090 1328 3166 responsionibus

343 3198 398 3234 non
421 3192 464 3236 est
485 3181 602 3236 auditus
625 3191 858 3250 contremuisse,
881 3181 954 3236 sicut
978 3180 1117 3241 diximus,
1142 3179 1238 3233 docuit
1254 3177 1327 3232 tales

343 3267 479 3322 doctores
515 3268 675 3324 audiendos
712 3285 783 3332 esse,
821 3286 876 3323 non
913 3266 1077 3322 imitandos
1118 3265 1201 3321 Nunc
1231 3276 1327 3319 autem

343 3354 466 3409 ostendii
503 3372 621 3411 causam
656 3365 783 3430 propter
819 3372 902 3430 quem
941 3372 996 3409 non
1031 3365 1169 3429 poterant
1207 3352 1377 3412 credere30

323 3440 476 3508 'Christo⁹
510 3442 564 3497 boc
587 3453 639 3509 est,
671 3442 737 3516 quia
761 3442 857 3497 onmia
874 3440 1027 3515 faciebant
1055 3452 1085 3495 ut
1108 3440 1144 3495 ab
1168 3438 1329 3494 homiuibus

343 3527 506 3583 rideantur.
532 3529 713 3604 Impossibile
734 3539 776 3584 cst
799 3529 873 3584 enim
897 3540 927 3582 ut
951 3529 1053 3583 credat
1073 3526 1190 3583 Christo
1213 3524 1328 3582 celestia

339 3615 508 3689 predicanti
536 3616 586 3691 qui
615 3617 745 3693 gloriam
781 3616 927 3670 homiuum
962 3614 1136 3689 concupiscit
1165 3624 1329 3672 terrenam:

342 3701 415 3774 sicut
447 3703 508 3778 ipse
540 3703 610 3758 alibi
640 3704 695 3758 aii.-
734 3703 887 3771 Quomodo
912 3703 1033 3777 potestis
1056 3701 1177 3756 credere
1198 3698 1327 3775 gloriam

342 3801 495 3865 querentes
517 3791 557 3845 ad
580 3791 699 3846 inuicem
723 3801 751 3845 et
774 3790 903 3865 gloriam
927 3807 980 3863 que
1003 3807 1020 3843 a
1042 3789 1105 3844 solo
1122 3789 1185 3843 Deo
1208 3798 1249 3843 cst
1273 3797 1376 3847 non35

395 4127 415 4157 r.
437 4117 470 4158 ll:
486 4114 580 4170 semine
600 4118 685 4155 autent.
772 4126 794 4163 a.
817 4114 853 4155 A:
876 4113 960 4166 siguis.
1051 4114 1072 4154 tl.
1097 4113 1130 4154 A:
1155 4112 1228 4154 ceiam
1248 4109 1329 4164 tignis.

344 4179 379 4210 ao.
396 4169 425 4211 ll}
439 4167 583 4222 suppliciter.
643 4168 676 4207 ιδ’.
693 4165 721 4207 u:
737 4166 945 4208 sicut-tudinium.
1000 4161 1033 4205 llo.
1050 4166 1083 4206 A:
1096 4169 1197 4218 polenii.
1252 4162 1329 4205 bsh:

343 4221 488 4263 abinvicem.

398 4327 439 4378 ab.
468 4330 519 4392 (lp.
549 4329 612 4391 lmp.
644 4328 722 4375 llom.
753 4327 841 4385 xiiii,
866 4342 895 4374 ex
920 4341 976 4391 cap.
1005 4325 1080 4385 xxti,
1118 4341 1142 4389 p.
1171 4323 1331 4385 ctnxxlv,

345 4416 369 4465 p,
389 4399 439 4448 825
460 4401 512 4461 [cd.
532 4398 594 4459 alt).
668 4398 708 4460 34.
726 4396 785 4445 loh.
806 4397 837 4459 ι’,
854 4412 897 4458 44.
