3098 5130
208 486 275 533 CAl’.
291 477 387 560 LlllV.]
488 495 533 543 DE
553 493 789 544 ANTlCllRlSTO
810 493 873 543 ΗΒ,
894 494 911 543 Ι.
1344 498 1404 558 ²39

207 654 264 711 dici
291 654 429 728 potencie
454 655 655 729 cognoscendi
689 657 725 711 de
750 659 813 712 Deo
846 658 926 730 quod
957 668 1009 711 est.
1046 658 1082 711 Et
1105 655 1187 712 illam
1200 664 1402 730 νΤιιοεεκνιιοιρε

207 743 297 798 tidem
332 743 475 799 dicuntur
499 741 637 799 homines
675 742 785 816 singuli
818 743 929 799 habere
953 743 999 799 vel
1028 744 1189 800 formatam
1205 719 1386 825 ιῐζῐῗῃέξρῗῇζῗῑ

208 829 342 886 caritatis
366 831 469 887 habitu
495 832 540 886 vel
573 829 744 899 informem,
778 844 806 886 et
845 830 887 886 sic
922 849 1028 886 omncs
1053 823 1407 920 h⁰mi¹¹²⁸re¹⁰10iiie³1ihin

116 911 178 973 4²8⁶
207 916 257 992 qui
282 917 402 973 venient
425 920 463 974 ad
488 917 633 974 iudicium
655 916 659 993 l
681 916 823 974 dicuntur
845 916 976 991 virgines
992 919 1038 974 vel
1063 920 1191 992 despon-
1227 888 1241 931 p
1271 928 1338 971 det-it.

183 1005 263 1060 :isati
297 1023 365 1060 cum
399 1008 473 1077 Deo,
513 1004 613 1079 posito
643 1006 724 1079 quod
752 1004 811 1061 sint
845 1004 970 1061 caritate
995 1004 1078 1061 finali
1102 1023 1191 1080 super

207 1091 258 1148 tali
277 1091 378 1148 babitu
399 1091 566 1164 informati,
590 1095 636 1148 vel
655 1091 830 1165 desponsati
847 1110 915 1148 cum
934 1091 1065 1165 diabolo,
1091 1093 1190 1166 posito

208 1181 288 1253 quod
322 1179 380 1235 sint
415 1179 535 1253 presciti
560 1192 589 1235 et
613 1193 738 1253 peccato
773 1178 871 1236 finalis
906 1178 1119 1253 impenitencie
1147 1179 1190 1236 in·

208 1265 317 1323 durati.
358 1269 394 1323 Et
423 1270 477 1323 hec
506 1266 663 1324 distinccio
695 1265 820 1323 istarum
852 1268 955 1323 decern
985 1265 1134 1340 virginum
1160 1266 1191 1323 in

210 1354 291 1410 linali
316 1353 430 1410 iudicio
455 1353 636 1428 generaliter
660 1353 716 1410 erit
739 1367 822 1414 nota.

169 1458 198 1490 ιο
252 1443 392 1498 Secundo
431 1461 487 1515 pro
524 1441 584 1498 alio
617 1441 699 1498 dicto
733 1440 911 1498 Crisostomi
945 1453 989 1497 est
1021 1443 1189 1498 notandum
1280 1452 1330 1496 The

208 1530 289 1602 quod
314 1529 476 1602 decalogus
494 1531 708 1585 mandatorum
733 1542 776 1584 est
793 1530 976 1604 quandoque
992 1527 1191 1585 subtiliandus
1202 1505 1407 1613 ζξᾞᾞῃέοᾞξῖἓέ

209 1630 236 1671 et
260 1618 445 1690 quandoque
469 1620 513 1684 (ut
537 1616 668 1690 expedit)
691 1615 921 1689 ingrossandus3
947 1629 975 1672 et
999 1615 1041 1672 sic
1065 1630 1192 1690 possunt
1233 1610 1256 1653 ³¹¹
1269 1609 1377 1704 ffless'

210 1702 267 1758 dici
307 1705 410 1759 decem
447 1705 589 1760 mandata
621 1704 667 1759 vel
700 1705 865 1760 secundum
899 1701 992 1759 alium
1026 1703 1192 1779 quemlibet
1306 1674 1340 1718 y.

209 1790 355 1846 maiorem
382 1809 541 1847 numerum
567 1809 648 1848 nunc
672 1792 732 1847 duo
758 1792 901 1846 mandata
925 1803 953 1846 et
976 1809 1058 1849 nunc
1082 1810 1191 1863 unum;

169 1879 235 1933 liet
268 1877 309 1934 sic
334 1877 515 1952 supponitur
545 1881 626 1953 quod
655 1877 795 1952 intelligit
819 1877 1033 1949 Crisostomus,
1068 1880 1192 1952 quando

208 1963 280 2021 dicit
312 1968 393 2040 quod
429 1965 459 2022 in
493 1985 552 2022 una
576 1967 679 2023 tabula
713 1977 798 2022 erant
831 1964 964 2040 quinque
993 1967 1139 2023 mandata
1164 1979 1192 2022 et

208 2051 237 2107 in
262 2054 394 2108 secunda
411 2052 545 2128 quinque
566 2052 641 2118 alia;
667 2067 694 2109 et
719 2053 796 2109 sicut
817 2050 1025 2126 applicacione
1042 2054 1079 2109 ad
1097 2052 1191 2109 visam

209 2158 268 2195 non
302 2153 427 2213 possunt
464 2142 520 2196 due
554 2141 654 2196 tabule
687 2141 725 2196 ad
759 2141 885 2196 eandem
919 2152 1035 2214 partem
1061 2139 1192 2196 hominis

210 2226 366 2300 applicari,
400 2227 441 2283 sic
475 2246 596 2283 necesse
620 2241 663 2282 est
697 2229 777 2301 quod
803 2227 840 2282 de
865 2225 1038 2282 hominibus
1063 2226 1193 2283 finaliter

167 2330 198 2364 20
210 2312 379 2370 iudicandis
403 2313 496 2389 aliqui
515 2314 668 2370 salventur
689 2328 717 2370 et
741 2313 834 2388 aliqui
852 2315 1065 2386 dampnentur.
1090 2316 1125 2369 Et
1149 2313 1192 2369 illi

210 2400 413 2456 communiter
437 2400 647 2475 intelliguntur
670 2419 723 2475 per
748 2403 823 2457 duos
847 2399 1013 2476 quinarios,
1044 2400 1085 2457 ita
1110 2402 1191 2474 quod

210 2487 342 2561 quinque
366 2489 403 2544 de
427 2502 542 2564 quanto
566 2501 635 2544 sunt
663 2506 807 2544 numerus
831 2485 987 2544 circularis
1012 2506 1192 2561 correspon-

209 2576 278 2630 deat
311 2593 439 2631 numero
472 2576 685 2632 salvandorum
719 2588 748 2632 et
772 2574 831 2632 alia
858 2573 993 2649 quinque
1017 2576 1053 2630 de
1078 2588 1192 2649 quanto

209 2675 277 2717 sunt
311 2681 456 2718 numerus
480 2665 628 2737 superbus
653 2664 910 2736 correspondeant
934 2680 1062 2719 numero
1086 2664 1192 2736 damp-

167 2750 394 2822 25nandorum3
427 2767 483 2806 nec
515 2750 689 2824 implicatur
714 2769 766 2823 per
786 2750 846 2806 ista
876 2751 958 2824 quod
983 2748 1030 2805 isti
1055 2750 1115 2805 duo
1139 2768 1193 2805 nu·

210 2835 283 2891 meri
307 2850 376 2892 sunt
400 2838 531 2910 equales.

251 2923 360 2980 Tercio
399 2926 566 2981 notandum
608 2943 662 2998 pro
696 2923 783 2980 dictis
807 2922 987 2981 Crisostomi
1016 2925 1191 2998 quodcum

209 3010 335 3067 ecclesia
359 3010 396 3066 sit
421 3023 502 3068 totus
525 3029 669 3068 numerus
693 3010 968 3085 predestinatorum
992 3023 1020 3066 et
1044 3028 1097 3084 per
1121 3028 1192 3067 con·

208 3115 335 3170 sequens
367 3099 466 3172 angeli
490 3098 569 3155 beati
599 3111 667 3154 sunt
691 3116 761 3173 pars
785 3097 919 3168 ecclesie,
959 3116 1019 3154 non
1044 3109 1192 3172 repugnat

166 3186 290 3257 loquod
315 3203 420 3241 omnes
445 3185 583 3243 homines
608 3184 761 3243 iudicandi
785 3183 907 3242 veniant
932 3184 1053 3241 obviam
1078 3202 1190 3258 sponso

209 3285 237 3327 et
261 3290 384 3346 sponse;
425 3292 486 3329 non
510 3274 662 3330 contendo
694 3287 796 3330 tamen
820 3271 887 3348 quis
910 3271 948 3328 sit
972 3290 1075 3329 sensus
1101 3291 1190 3347 quern

210 3362 288 3414 Deus
313 3358 376 3415 istis
400 3359 497 3416 verbis
521 3358 699 3434 evangelicis
722 3359 823 3434 primo
844 3359 1032 3432 intenderat;
1055 3360 1107 3416 sed
1124 3359 1192 3415 dico

209 3446 265 3502 ista
290 3460 445 3521 tamquam
480 3446 572 3504 michi
607 3446 775 3521 probabilia
812 3448 896 3505 salvo
928 3463 1048 3519 semper
1079 3445 1193 3503 iudicio

209 3532 337 3589 meliori.

166 3620 195 3672 35
251 3619 394 3694 Sequitur
418 3634 517 3677 autem
543 3620 575 3676 in
599 3632 680 3676 textu
705 3620 846 3678 Matthei:
881 3622 939 3677 Sed
965 3620 1089 3696 quiaque
1104 3620 1194 3694 satae

208 3709 332 3783 acceptis
366 3708 551 3783 lampadibus
574 3727 629 3764 non
652 3720 839 3783 sumpserunt
862 3708 956 3763 oleum
985 3725 1093 3778 secum,
1120 3725 1193 3782 pru·

209 3796 306 3851 dentes
341 3813 410 3852 vero
435 3806 610 3869 acceperunt
634 3795 729 3851 oleum
753 3796 781 3850 in
805 3795 883 3852 vasis
909 3795 970 3851 suis
993 3812 1056 3850 cum
1081 3795 1193 3869 lampa-

208 3883 298 3938 dibus.
334 3885 431 3956 Super
466 3901 526 3957 quo
557 3884 754 3956 leronymus:
793 3882 895 3938 Oleum
929 3882 1035 3937 habent
1063 3881 1194 3959 virgines

699 4098 823 4211 {istim
918 4139 948 4171 ιο.
970 4129 992 4171 Α
1016 4127 1038 4171 in
1062 4139 1148 4183 marg:
1172 4139 1192 4171 2.

209 4219 235 4249 ιε.
252 4209 284 4250 Α;
301 4207 473 4259 ingrossanras.
568 4205 595 4249 13.
613 4206 642 4248 ll:
657 4207 721 4262 qaod
733 4205 851 4250 mandata.
935 4217 969 4261 27·
990 4205 1048 4249 Ain
1064 4217 1150 4259 marg:
1166 4217 1191 4258 3.

208 4258 240 4302 [la.
256 4261 277 4301 A
292 4260 314 4302 in
331 4271 417 4311 marg:
432 4259 578 4310 Jeronrmus.

260 4367 300 4417 35.
329 4366 418 4448 Mattb.
437 4367 516 4428 XXV,
546 4369 619 4423 3-4.
694 4365 734 4418 38.
763 4367 867 4416 Comm.
896 4367 922 4415 in
950 4364 1094 4417 Mattheum
1125 4365 1142 4418 l.
1169 4380 1192 4418 c.

207 4453 264 4502 pag.
286 4439 428 4488 roa—205.

260 4127 316 4171 2-3.
333 4130 354 4170 A
365 4128 387 4170 itt
399 4140 484 4183 marg:
500 4127 568 4171 Ft'des
576 4128 662 4183 duplex
677 4104 688 4206 ι
