3098 5130
215 525 283 571 car.
296 513 350 597 tv]
496 532 540 583 ue
560 531 797 583 nurtctrrttsro
818 533 881 582 tte.
899 532 929 582 tt.

216 693 253 749 de
284 691 481 750 ordinacione
514 692 614 749 divina
639 693 773 763 venient;
812 706 839 751 et
861 712 942 750 cum
967 692 1085 751 iusticie
1109 712 1200 768 pena-

216 799 282 835 rum
307 779 365 837 sint
390 782 469 837 bona
492 798 551 855 que
575 781 707 854 peccatis
731 779 895 855 suppositis
926 794 970 838 est
993 780 1197 839 necessarium

216 866 345 937 evenire,
381 867 498 924 videtur
530 870 613 943 quod
648 868 752 926 omnia
776 887 834 943 que
858 868 995 925 evenient
1019 882 1080 926 tam
1105 887 1198 944 penas

216 974 307 1030 quam
332 969 456 1029 peccata
481 969 525 1011 est
548 956 752 1013 necessarium
770 955 898 1012 evenire.
924 958 960 1012 Et
984 956 1026 1013 ita
1050 975 1117 1012 cum
1143 956 1198 1013 Dei

191 1041 459 1116 5predestinancia
483 1041 521 1098 sit
545 1062 636 1100 causa
660 1042 763 1118 gaudii
788 1045 986 1113 beandorum‚
1020 1043 1062 1100 sic
1086 1057 1119 1099 ut
1144 1043 1196 1100 Dei

216 1129 400 1202 presciencia
424 1144 468 1186 est
492 1148 583 1190 causa
607 1129 779 1204 punicionis
797 1131 896 1187 debite
919 1133 1196 1205 dampnandorum,

215 1216 332 1274 videtur
356 1219 437 1292 quod
460 1217 564 1274 omnia
589 1217 645 1274 ista
669 1231 737 1275 sunt
761 1237 778 1274 a
803 1220 866 1275 Deo
890 1232 959 1275 ante
983 1218 1089 1275 mundi
1114 1236 1197 1275 exor-

215 1304 298 1360 dium
322 1304 473 1362 ordinata.

258 1391 314 1448 Hic
338 1392 442 1449 dicunt
475 1392 577 1449 fideles
601 1392 672 1450 satis
696 1393 843 1450 catholice
872 1395 954 1467 quod
979 1397 1059 1450 Deus
1082 1405 1198 1449 eterna·
1246 1417 1374 1463 ttowooa

175 1477 282 1534 roliter
305 1493 374 1537 ante
407 1478 512 1536 mundi
547 1479 798 1538 constitucionem
830 1480 951 1537 ordinat
976 1494 1084 1538 cuncta
1108 1481 1197 1549 bona,
1228 1472 1393 1516 orantnsevtt.

215 1579 244 1622 et
276 1565 318 1624 sic
352 1586 385 1624 ex
409 1567 463 1623 Dei
487 1567 667 1624 ordinancia
704 1586 826 1625 necesse
858 1580 902 1625 est
935 1581 1043 1625 cuncta
1068 1566 1196 1636 evenire,

214 1653 273 1710 sive
298 1656 378 1712 bona
393 1653 504 1712 fuerint
527 1654 588 1712 sive
612 1656 700 1715 mala.
724 1654 819 1712 Aliter
841 1669 943 1713 tamen
967 1669 995 1713 et
1018 1654 1090 1712 satis
1114 1654 1197 1728 equi-

213 1759 286 1798 voce
303 1744 383 1799 Deus
399 1741 521 1799 ordinat
545 1744 622 1800 bona
640 1743 805 1800 laudabilia
829 1757 857 1799 et
881 1742 969 1800 aliter
994 1743 1072 1799 mala
1098 1743 1195 1816 culpe.

214 1828 342 1885 Ordinat
360 1828 438 1886 enim
458 1832 625 1887 secundum
651 1830 771 1905 aliquos
797 1832 876 1887 mala
900 1831 999 1905 culpe,
1023 1832 1060 1887 de
1084 1842 1197 1905 quanto

174 1914 284 1972 15facit
315 1915 381 1991 ipsa
404 1916 591 1974 universitati
615 1935 668 1974 sue
691 1918 839 1992 prolicere
871 1931 899 1974 et
923 1917 1068 1975 rectificat
1092 1935 1196 1974 eorum

213 2020 321 2076 penam
346 2003 551 2079 pulcritudine
578 2023 631 2061 sue
655 2003 781 2076 iusticie,
815 2023 852 2061 ne
876 2024 981 2061 eorum
1011 2003 1197 2079 turpitudine

213 2108 267 2147 sua
291 2090 469 2149 universitas
499 2093 675 2149 maculetur.
709 2095 745 2148 Et
769 2092 810 2149 sic
844 2110 903 2148 non
936 2092 1049 2149 directe
1077 2094 1129 2148 sed
1153 2091 1197 2147 in-

215 2177 327 2235 directe
350 2178 471 2236 ordinat
494 2179 636 2236 dominus
660 2178 716 2236 ista
741 2180 831 2236 mala.

256 2268 293 2321 Et
315 2265 357 2322 ita
380 2279 485 2323 notata
502 2267 558 2323 ista
581 2266 779 2323 distinccione
804 2267 842 2323 ad
866 2284 985 2322 sensum
1011 2265 1194 2322 catholicum
1207 2273 1283 2318 These
1297 2273 1415 2318 doctrines

171 2369 203 2404 20
215 2353 309 2409 multa
342 2353 483 2410 videntur
506 2355 636 2410 absurda
661 2353 762 2428 pueris
794 2353 907 2427 pietate
931 2351 1061 2409 infantili
1085 2351 1195 2410 cecatis
1228 2339 1393 2434 appreiiinded

213 2457 271 2512 que
294 2455 442 2515 apparent
458 2441 530 2498 satis
554 2441 705 2498 catholica
729 2441 759 2496 in
784 2439 987 2497 fundamentis
1012 2438 1080 2496 fidei
1104 2439 1196 2496 stabi·
1219 2431 1400 2527 ⁰⁰2b2ln¹rhe⁰⁸e

212 2525 282 2597 litis,
299 2540 331 2584 ut
343 2531 422 2584 Deus
438 2528 559 2586 ordinat
576 2528 722 2585 indirecte
739 2546 919 2602 quecunque
936 2541 1060 2601 peccata
1084 2527 1195 2597 futura,
1219 2535 1360 2596 estabttsned
1376 2535 1398 2579 tn

120 2613 185 2681 433b
212 2612 290 2670 sicut
320 2615 424 2671 omnia
458 2617 537 2672 bona
570 2635 675 2673 eorum
700 2610 937 2695 ordinaverint
961 2634 996 2672 ac
1020 2615 1056 2671 ab
1081 2627 1195 2685 eterno,
1250 2588 1366 2631 rnetnnn.

167 2703 169 2708 '
213 2716 394 2760 nontamen
411 2703 533 2759 ordinat
550 2706 632 2777 quod
650 2703 700 2759 illa
722 2702 782 2759 sint
798 2702 967 2759 formaliter
983 2703 1063 2759 bona
1079 2715 1195 2758 nature.

170 2791 200 2841 25
213 2790 249 2843 Et
272 2789 370 2846 solum
405 2789 476 2847 talia
501 2793 580 2847 Deus
604 2790 719 2846 directe
743 2789 853 2846 dicitur
881 2789 1033 2861 ordinare,
1068 2808 1128 2846 non
1152 2787 1197 2844 in-

212 2874 376 2949 telligendo
400 2896 454 2952 per
467 2877 558 2943 illam
577 2876 814 2934 indireccionem
832 2878 953 2951 culpam
979 2877 1008 2932 in
1025 2880 1089 2933 Deo
1112 2877 1194 2950 quod

212 2961 376 3037 quicquam
394 2964 516 3022 ordinat
534 2964 621 3022 aliter
638 2983 729 3038 quam
748 2966 880 3035 deberet,
905 2965 956 3021 sed
974 2965 1056 3038 quod
1080 2965 1194 3020 bonum

212 3050 294 3122 quod
327 3069 361 3107 ex
395 3051 437 3108 eis
469 3052 607 3126 provenit
631 3071 691 3109 non
717 3052 749 3108 fit
773 3051 829 3108 nisi
862 3050 1021 3109 occasione
1046 3050 1117 3107 mali
1142 3068 1196 3125 per

212 3135 343 3210 graciam
356 3137 411 3195 Dei
425 3139 476 3212 qui
494 3159 555 3196 non
568 3142 717 3214 approbat
734 3139 801 3196 talis
818 3138 954 3196 criminis
973 3156 1036 3195 esse
1052 3137 1196 3212 primum.

169 3405 200 3454 30
605 3398 709 3461 CAP.
734 3398 795 3461 IV.

256 3543 399 3618 Sequitur
423 3544 452 3600 in
477 3558 557 3601 textu
580 3544 726 3618 evangelii
751 3544 782 3600 in
807 3546 860 3601 hec
884 3547 988 3601 verba:
1019 3545 1098 3600 Venit
1122 3563 1196 3622 ergo

212 3633 251 3686 ad
279 3632 423 3688 Simonem
458 3633 588 3688 Petrum.
627 3633 667 3688 Et
700 3633 768 3688 dicit
791 3632 818 3688 ei
848 3633 969 3688 Petrus:
1008 3633 1142 3703 Domine,
1166 3644 1196 3687 tn

212 3719 284 3774 milti
306 3720 389 3774 lavas
410 3721 521 3795 pedes?
544 3721 704 3796 Respondit
727 3720 811 3775 Jesus
833 3730 859 3775 et
884 3720 960 3774 dixit
983 3720 1028 3775 ei:
1056 3721 1121 3787 Qua
1135 3738 1196 3796 ego

213 3806 309 3880 facio,
332 3817 362 3861 tn
380 3807 471 3863 nescis
488 3808 584 3879 modo,
599 3808 672 3863 scies
694 3818 789 3862 antem
804 3818 916 3882 postea.
941 3807 1019 3864 Dicit
1035 3806 1061 3861 ei
1075 3807 1197 3862 Petrus:

171 3891 200 3940 35
215 3894 278 3948 Non
303 3894 414 3949 lavabis
438 3895 510 3949 milti
537 3895 627 3970 pedes
650 3895 677 3948 in
701 3905 841 3950 eternum.
868 3894 1028 3969 Respondit
1051 3895 1077 3950 ei
1098 3894 1197 3949 Jesns:

212 3982 246 4036 Si
268 4000 322 4036 non
347 3982 447 4037 lavero
471 3994 508 4052 te,
541 4001 596 4037 non
618 3983 735 4052 babebis
756 3994 872 4057 partem
898 4000 1020 4038 mecum.
1061 3981 1139 4052 Dicit
1166 3981 1199 4037 ei

213 4069 311 4123 Simon
337 4069 458 4124 Petrus:
491 4070 614 4124 Domine
648 4088 703 4124 non
727 4080 838 4124 tantum
859 4069 951 4143 pedes
974 4087 1063 4138 meur,
1095 4068 1147 4124 sed
1170 4080 1196 4124 et

264 4353 298 4396 tn.
315 4345 348 4386 A:
364 4356 440 4387 non-
446 4345 547 4399 primum
561 4344 636 4387 twice.

266 4473 305 4522 31.
324 4469 385 4518 Joh.
405 4471 468 4531 xttt,
489 4469 584 4519 ti-to,
666 4501 671 4509 -
