3098 5130
163 506 232 550 CAl’.
248 492 303 575 xi]
454 509 499 558 DE
519 506 756 558 ANTlCHRlSTO
777 507 840 556 ΗΒ.
861 507 878 556 l.

164 671 294 744 quedam
327 669 493 743 intersigna
526 668 639 725 amoris
672 667 750 725 inter
784 668 866 742 ipsos
901 680 929 725 et
961 667 1089 723 feminas
1123 682 1152 725 et

163 776 217 833 per
230 758 391 814 meandros
407 757 483 814 alios
501 756 582 813 mille
597 757 745 813 seducunt
769 754 896 812 feminas
920 754 1018 811 omnis
1035 755 1153 828 generis

164 858 191 902 et
216 843 387 919 specialiter
411 844 441 900 in
464 843 615 918 spirituali
639 841 794 917 suffragio,
819 841 850 898 in
875 841 933 898 fide
957 842 1106 899 catholica
1125 855 1153 899 et

163 931 305 989 versuciis
329 931 396 988 aliis
418 949 473 988 sua
496 929 628 1005 ypocrisi
653 930 815 987 mediante.

139 1024 151 1074 5
207 1018 265 1076 Ubi
289 1024 405 1094 (queso)
423 1032 467 1076 est
491 1017 587 1075 maior
602 1016 715 1074 heresis
739 1035 831 1092 quam
855 1015 886 1073 in
908 1015 1002 1073 literis
1016 1015 1154 1072 fraterni·
1189 1023 1335 1097 ¹tenerior

164 1105 245 1178 tatis,
281 1125 350 1163 cum
386 1106 553 1163 confratres
576 1104 717 1178 ignorant
748 1103 772 1161 si
801 1103 960 1161 oraciones
988 1122 1041 1161 sue
1070 1103 1153 1177 quic·
1181 1080 1354 1172 ζῇῗῐῆζῗζξζςὲἶθ

164 1211 254 1267 quam
289 1194 409 1250 valeant
440 1191 535 1250 eciam
561 1192 618 1248 sibi
642 1190 729 1267 ipsis3
762 1191 858 1248 immo
882 1209 949 1247 curn
975 1190 1033 1247 sint
1062 1190 1153 1247 alieni
1213 1180 1319 1236 practice.

165 1293 288 1338 asecta
321 1280 443 1352 Christi,
477 1278 635 1355 probabile
668 1292 712 1337 est
747 1280 829 1353 quod
863 1296 918 1336 sua
951 1276 1058 1335 merita
1091 1296 1152 1334 non

164 1369 232 1442 plus
255 1368 374 1425 valeant
398 1387 489 1444 quam
514 1386 609 1443 opera
634 1385 833 1441 paganorum.
859 1368 896 1422 Et
919 1383 953 1422 ex
976 1365 1036 1423 alio
1059 1365 1153 1422 latere

124 1474 198 1511 roex
222 1454 281 1512 fide
306 1456 414 1513 deduci
439 1455 550 1530 poterit
574 1456 655 1529 quod
680 1471 787 1511 omnes
805 1452 969 1510 militantes
986 1454 1152 1510 secundum

82 1538 87 1545 '
165 1544 293 1616 gradum
331 1541 376 1598 sui
416 1541 516 1599 meriti
555 1554 583 1599 et
622 1541 800 1616 capacitatis
833 1536 1058 1615 participabunt
1092 1539 1154 1597 suis

165 1629 315 1704 suffragiis
353 1632 520 1687 secundum
560 1630 642 1704 quod
681 1632 762 1686 Deus
801 1627 976 1686 limitaverit
1014 1627 1153 1685 omnium

167 1718 371 1774 membrorum
397 1716 522 1774 ecclesie
547 1716 714 1773 militantis.

208 1805 425 1879 Blasphemum
442 1804 543 1879 itaque
560 1818 603 1861 est
619 1803 726 1861 fratres
742 1821 831 1877 super
851 1821 882 1859 se
899 1820 1053 1860 assumere
1069 1803 1151 1877 quod
1163 1809 1226 1854 Even
1242 1820 1302 1851 were
1312 1807 1373 1852 their

125 1891 274 1949 rimerita
306 1911 360 1949 sua
393 1893 472 1966 apud
505 1891 639 1948 divinum
665 1889 810 1947 iudicium
835 1903 954 1947 tantum
979 1891 1090 1947 valent.
1115 1892 1151 1946 Et
1184 1873 1342 1967 mgisssejfflffi,

167 1978 276 2036 iterum
302 1980 512 2053 blasphemum
538 1993 581 2036 est
606 1996 656 2034 eos
673 1996 826 2034 assumere
842 1980 923 2052 quod
941 1978 1052 2034 habent
1069 1967 1359 2067 P⁰le·¹¹<¹1}{„⁰,‘ss¹,¹,¹,{{¹ff‡

166 2079 273 2123 statem
309 2068 475 2124 secundum
509 2067 590 2140 quod
618 2065 675 2140 ipsi
707 2064 857 2122 voluerint
890 2064 1010 2140 populis
1043 2064 1153 2139 quibus
1173 2079 1363 2123 meritofthem.

166 2152 223 2227 ipsi
247 2153 435 2210 vendiderint
459 2172 512 2210 sua
537 2152 643 2210 merita
660 2152 825 2227 parciendi.
851 2154 917 2208 Hoc
933 2152 1012 2208 enim
1030 2155 1094 2208 Deo
1111 2164 1153 2208 est

166 2241 334 2314 proprium,
358 2240 435 2298 sicut
458 2239 515 2296 sibi
540 2254 583 2297 est
603 2239 761 2315 proprium
779 2239 915 2296 homines
932 2238 1063 2297 finaliter
1079 2237 1156 2295 iudi-

123 2345 157 2379 20
169 2345 245 2384 care.

211 2414 376 2489 Supposito
400 2433 472 2489 ergo
496 2416 578 2489 quod
613 2416 701 2488 longe
725 2412 883 2470 oraciones
907 2432 959 2469 sue
982 2413 1029 2469 vel
1052 2412 1154 2486 aliquo

167 2519 216 2558 sex
240 2519 382 2575 generum
417 2501 596 2559 meritorum
621 2501 740 2559 valeant
772 2499 882 2557 sibiet
910 2499 977 2556 aliis
1001 2502 1039 2556 ad
1063 2498 1157 2557 beati-

168 2589 303 2645 tudinem
317 2589 549 2664 adquirendam,
567 2590 667 2647 adhuc
678 2587 806 2663 particio
823 2600 851 2643 et
867 2587 1023 2644 concessio
1040 2605 1156 2657 eorum,

169 2695 238 2732 cum
271 2676 309 2733 sit
342 2679 405 2734 Deo
438 2676 571 2751 propria,
605 2677 771 2733 secundum
807 2676 888 2748 quod
921 2692 1050 2749 persone
1088 2687 1157 2730 sunt

126 2763 268 2837 abdigne,
293 2777 362 2820 sunt
386 2782 403 2821 a
428 2764 569 2821 fratribus
593 2763 701 2821 aliene.

212 2853 269 2907 lste
302 2868 373 2924 ergo
406 2864 486 2908 secte
519 2864 588 2908 sunt
621 2869 653 2908 ex
682 2863 768 2925 parte
792 2848 906 2906 diaboli
932 2847 1080 2905 mendacii
1105 2846 1157 2922 qui

169 2938 284 2994 seduxit
308 2940 400 2994 Evam
425 2937 456 2995 in
480 2936 621 2996 absencia
645 2936 691 2995 sui
716 2936 817 2994 mariti
842 2949 871 2993 et
895 2954 948 3011 per
967 2935 1050 2993 illam
1068 2954 1155 2991 suum

169 3024 339 3099 coniugem,
373 3038 406 3081 ut
438 3039 520 3100 patet
554 3026 627 3084 Gen.
653 3027 705 3097 lll;
738 3037 766 3081 et
790 3023 987 3081 conformiter
1010 3024 1158 3079 seducunt

171 3113 277 3169 fratres
302 3113 441 3169 dominos
465 3126 493 3170 et
517 3113 657 3169 dominas
681 3125 709 3169 et
733 3131 786 3185 per
810 3111 891 3185 ipsas
915 3124 1013 3167 totum
1031 3128 1157 3185 regnum

128 3207 160 3257 30
171 3214 261 3274 atque
295 3199 473 3257 militantem
508 3200 682 3268 ecclesiam3
708 3211 737 3256 et
761 3198 913 3255 mediante
937 3197 994 3255 ista
1019 3196 1157 3254 mendaci

171 3300 273 3343 tamen
285 3288 403 3344 cautela
414 3287 655 3362 multiplicantur
666 3286 696 3343 in
707 3305 835 3343 numero
845 3299 874 3342 et
885 3284 1058 3342 defensione
1071 3304 1157 3340 mun-

172 3376 261 3445 dana,
286 3374 315 3430 in
339 3373 480 3431 domibus
504 3390 532 3431 et
556 3374 622 3432 aliis
646 3373 867 3448 temporalibus
883 3391 942 3447 que
958 3372 1098 3430 diabolus
1116 3371 1157 3428 eis

172 3460 272 3517 influit
296 3475 451 3536 tamquam
475 3461 648 3536 apcioribus
672 3461 733 3517 suis
757 3459 1007 3535 procuratoribus
1032 3478 1087 3535 pro
1104 3478 1158 3515 suo

172 3548 298 3621 prodiga
322 3548 475 3605 servitute.

130 3637 160 3688 35
216 3638 251 3691 Et
284 3637 337 3692 hec
371 3635 453 3692 racio
486 3654 580 3709 quare
613 3635 778 3692 defendunt
806 3635 848 3691 sic
872 3653 982 3708 papam
1008 3645 1037 3689 et
1061 3646 1157 3689 sectas
1190 3661 1351 3705 Frtarsnnle

172 3721 255 3791 alias,
291 3736 322 3778 ut
355 3742 386 3779 se
419 3722 520 3780 iuvent
553 3721 706 3796 reciproce
738 3725 793 3778 sub
818 3737 921 3778 nrutue
945 3719 1158 3776 vicissitudinis
1174 3726 1369 3809 ⁰33¹&ssOEssss

172 3811 307 3865 obtentu.
342 3813 404 3866 llec
436 3823 479 3866 est
516 3809 598 3866 racio
623 3829 676 3866 cur
700 3822 816 3866 tantum
842 3808 949 3865 odiunt
973 3809 1053 3882 quod
1078 3807 1158 3863 ordi·
1182 3779 1359 3861 rrrraineoinii

173 3897 260 3953 nacio
299 3897 410 3953 Christi
450 3899 594 3970 procedat
632 3896 662 3953 in
702 3896 763 3953 suis
801 3896 947 3952 limitibus
986 3895 1031 3952 vel
1077 3896 1158 3968 quod
1240 3878 1307 3912 ⁵⁰⁶¹*

173 3983 359 4057 evangelium
394 3984 577 4058 predicetur,
610 3983 681 4058 quia
714 3983 885 4040 coniectant
916 3984 996 4057 quod
1025 3982 1048 4037 si
1078 3981 1158 4038 ordi·

173 4071 261 4128 nacio
294 4072 405 4128 Christi
439 4085 531 4128 staret
564 4071 594 4127 in
627 4070 688 4128 suis
720 4070 876 4141 limitibus,
910 4089 978 4127 cum
1007 4088 1069 4125 non
1092 4082 1161 4125 sunt

478 4309 483 4316 0

227 4309 249 4351 ti.
265 4309 295 4350 l3:
309 4306 480 4363 consessorem
500 4312 595 4351 norant.
664 4320 696 4350 ιο.
712 4309 745 4349 Λ;
758 4311 870 4361 porterit.
936 4318 961 4349 n.
977 4305 1162 4347 A:su1'sdecst.

177 4372 206 4403 ιε.
222 4362 364 4403 limitavere'a
381 4361 424 4402 llic
440 4321 535 4403 verium
551 4359 642 4402 excidit.
712 4371 743 4402 at.
758 4363 791 4401 A:
807 4360 843 4400 vel
856 4359 927 4400 deest.
981 4369 1014 4400 22.
1030 4360 1063 4399 A:
1079 4358 1162 4398 vadat.

177 4412 208 4453 al.
225 4415 253 4454 ll:
268 4414 362 4466 peticio.
447 4412 482 4453 all.
498 4413 695 4465 n:pni‹·tdecst.
767 4410 797 4453 31.
813 4411 842 4452 lt:
858 4411 1018 4464 turillipli'oml.
1080 4409 1112 4452 33.
1128 4413 1161 4451 A:

175 4467 373 4518 procuratoribus
387 4465 444 4505 suis.
517 4464 548 4506 35.
564 4466 585 4507 Α
601 4467 624 4506 in
640 4476 726 4517 marga
743 4476 760 4504 1.
828 4462 862 4516 35.
878 4464 898 4504 Α
918 4475 940 4504 ιη
960 4473 1046 4514 marga
1063 4471 1084 4502 2.
