3098 5130
578 501 668 552 onus
686 500 940 553 uvnnouucuu
961 504 1023 553 tna.
1044 503 1084 553 111.
1158 484 1240 569 [cun.
1258 498 1323 544 ux.

334 683 389 721 non
412 665 440 718 in
463 664 590 739 aliquam
611 673 728 740 partem
753 663 894 719 distantes
915 682 933 718 a
956 682 997 735 se,
1021 682 1077 719 non
1102 664 1236 734 mireris,·
1267 662 1324 719 im·

332 752 424 826 pleuit
455 751 529 808 enim
565 768 732 807 mensnram
752 760 874 827 patrum
904 768 1025 806 sitorum
1049 750 1214 828 gentilium,
1250 769 1325 828 quo·

335 838 412 894 niam
436 850 462 895 et
486 838 531 893 illi
549 838 685 894 similiter
709 838 815 894 multos
831 838 911 894 Deos
933 837 1082 907 colebant,·
1103 838 1217 914 quando
1242 838 1327 895 rides

335 944 384 981 eos
407 936 467 982 tres
499 926 625 982 dicentes
658 943 744 980 unum
769 925 864 980 Deum
898 934 925 980 et
951 925 993 981 sic
1022 924 1116 1002 ipsum
1140 942 1203 982 esse
1225 925 1324 982 Deum

332 1024 449 1088 patrem
482 1014 575 1088 ipsum
605 1013 699 1068 Deum
724 1011 823 1090 filium
859 1012 951 1087 ipsum
981 1012 1077 1068 Deum
1110 1030 1172 1069 esse
1203 1019 1352 1091 negant,5

336 1118 390 1155 non
408 1100 534 1171 mireris,
557 1100 715 1156 Judeorum
736 1110 857 1175 patrum
873 1117 992 1156 suorum
1010 1099 1130 1176 implent
1146 1117 1326 1156 mensuram.

338 1187 386 1244 Sic
417 1188 491 1242 enim
525 1199 552 1243 et
576 1186 621 1242 illi
650 1205 766 1263 semper
804 1205 891 1242 unum
916 1187 1011 1243 Deum
1038 1197 1155 1263 patrem
1180 1187 1328 1263 colebant,

338 1274 437 1352 filium
462 1293 518 1330 non
541 1274 707 1352 confitentes
730 1274 825 1329 Deum
846 1284 915 1349 post
935 1284 1063 1350 patrem.
1093 1274 1218 1342 Quando
1243 1275 1327 1331 vides

337 1366 386 1417 eos
417 1361 543 1418 dicentes
573 1361 639 1437 quia
663 1361 749 1438 filius
780 1360 816 1416 de
850 1361 901 1416 illa
936 1362 998 1437 ipsa
1031 1361 1199 1418 substancia
1224 1361 1327 1438 patris

334 1448 489 1526 processit,
512 1449 586 1504 sicut
610 1459 636 1503 et
660 1448 752 1504 omnis
767 1447 852 1526 filius
876 1448 1006 1504 carnalis
1029 1449 1065 1504 de
1082 1466 1208 1524 corpore
1227 1449 1328 1525 patris
1342 1471 1374 1505 ιο

338 1546 365 1590 et
396 1547 491 1590 actum
517 1536 665 1591 carnalem
690 1535 871 1610 applicantes
902 1535 1021 1612 spiritui
1048 1535 1230 1612 impassibili,
1254 1553 1327 1613 cog-

339 1640 423 1678 nosce
445 1623 511 1697 quia
535 1640 701 1678 mensuram
719 1622 838 1699 implent
860 1632 981 1699 patrum
1009 1640 1130 1678 suorum
1153 1622 1328 1700 gentilium

339 1710 383 1764 illi
404 1709 477 1764 enim
494 1709 567 1765 tales
583 1710 652 1765 deos
669 1710 801 1766 colebant
824 1709 873 1783 qui
885 1710 1042 1765 secundum
1059 1727 1176 1766 carnem
1199 1727 1328 1787 genera-

340 1798 445 1853 bantur
461 1807 488 1852 et
505 1797 694 1874 generabant.
725 1796 850 1864 Quando
876 1796 985 1852 videris
1006 1814 1055 1852 eos
1076 1797 1202 1853 dicentes
1214 1815 1327 1874 purum

340 1883 482 1938 bominem
515 1883 688 1959 crucifixum
722 1883 749 1938 in
782 1884 880 1940 anima
912 1894 939 1939 et
971 1901 1104 1961 corpore,
1138 1902 1194 1941 non
1228 1884 1373 1940 Deum15

340 1970 368 2025 in
391 1988 517 2045 corpore
538 1988 601 2041 suo,
624 1970 696 2026 scito
719 1970 854 2045 quoniam
887 1970 1007 2048 implent
1029 1989 1195 2027 mensuram
1218 1971 1327 2028 dudeo·

342 2076 407 2112 rum
429 2069 550 2132 patrum
567 2075 698 2116 suorum.
723 2058 800 2113 Nam
818 2069 846 2114 et
861 2057 907 2113 illi
921 2058 1064 2114 bominem
1087 2076 1119 2114 se
1142 2058 1329 2134 crucifixisse

343 2144 474 2200 dicebant
496 2145 536 2200 ad
558 2145 722 2219 apostolos:
753 2144 831 2201 Ecce
864 2145 937 2201 enim
967 2145 1139 2222 implevistis
1160 2145 1327 2202 Jerusalem

343 2231 474 2287 doctrina
499 2242 597 2287 uestra
630 2243 656 2287 et
681 2232 768 2288 uultis
796 2232 934 2289 inducere
956 2250 1046 2307 super
1078 2251 1130 2289 nos
1151 2233 1328 2311 sanguinem

342 2318 465 2374 hominis
492 2319 584 2374 httitts.
615 2319 648 2373 Si
669 2319 742 2375 enim
766 2320 852 2375 bomo
876 2337 972 2394 purus
996 2331 1038 2376 est
1057 2338 1175 2395 passus,
1199 2319 1328 2394 dimitto,
1340 2342 1376 2377 20

342 2406 408 2480 quia
432 2425 483 2461 nos
499 2424 580 2461 mors
604 2406 727 2462 bominis
750 2424 805 2461 non
826 2407 885 2462 Dei
905 2407 1039 2462 saluauit.
1065 2407 1123 2463 Sed
1146 2407 1220 2479 dico,
1242 2407 1331 2463 luder·

341 2493 400 2548 tale
418 2504 569 2568 peccatum
595 2493 735 2567 fecerunt
766 2493 851 2568 quale
866 2493 946 2568 sarit
975 2494 1024 2568 qui
1045 2494 1188 2550 hotrtinem
1212 2494 1328 2565 occidit,

343 2599 398 2636 non
422 2581 528 2638 Deum.
571 2581 695 2648 Quando
728 2581 808 2635 uides
839 2598 887 2637 eos
905 2591 1112 2657 persequentes
1135 2592 1163 2638 et
1178 2580 1329 2656 facientes

343 2669 394 2723 bec
417 2668 513 2723 omnia
537 2685 590 2741 que
611 2667 750 2735 diximus,
774 2686 829 2722 non
854 2667 986 2724 mireris:
1008 2668 1127 2745 implent
1151 2668 1224 2724 enim
1248 2686 1328 2724 rnen-

342 2774 442 2811 suram
480 2755 641 2810 ludeorum
680 2765 707 2810 et
743 2754 896 2831 gentilium
928 2766 1047 2830 patrum
1085 2773 1215 2812 suorum.
1263 2757 1374 2813 Hec25

344 2840 557 2899 Crisostomus.

127 2931 178 2992 tnt-
193 2929 334 3023 tjcrsttfttgilt
388 2927 515 2985 Videtur
539 2928 628 2984 istum
653 2941 790 2984 sanctum
810 2931 919 2985 docere
936 2931 1016 3003 quod
1042 2927 1096 2985 lilii
1120 2928 1151 2985 in
1175 2928 1328 2986 condicio-

133 2990 330 3088 bilbilis&
346 3014 433 3072 nibus
458 3015 622 3072 moralibus
646 3034 680 3072 ex
703 3029 822 3089 patrum
842 3015 957 3072 meritis
981 3015 1042 3073 sive
1066 3015 1222 3074 demeritis
1246 3015 1329 3073 simi·

142 3087 315 3131 ¹¹¹⁸¹¹³¹¹¹¹⁰³¹¹¹
346 3101 397 3158 lati
421 3102 480 3158 sint
504 3121 608 3159 eorum
634 3101 686 3159 tilii
720 3102 810 3177 pleni,
841 3116 869 3159 et
893 3105 964 3159 dum
993 3102 1111 3160 variant
1133 3103 1164 3160 in
1187 3102 1329 3161 similitu·

346 3189 415 3246 dine
438 3189 599 3263 spirituali,
624 3209 686 3246 non
710 3189 770 3246 sint
787 3189 829 3246 sic
853 3188 917 3261 filii,
944 3204 972 3246 et
996 3210 1049 3265 per
1073 3209 1261 3266 consequens
1284 3189 1378 3251 illito

346 3276 396 3351 qui
422 3276 548 3351 implent
574 3290 687 3334 mentes
705 3276 862 3333 hominum
887 3292 1158 3352 quantumcunque
1182 3278 1330 3336 distanter

346 3383 379 3421 ex
413 3363 521 3420 merito
551 3364 611 3420 sive
640 3363 788 3422 demerito
821 3363 1052 3422 similitudinem
1087 3384 1217 3438 morum,
1256 3378 1330 3423 sunt

346 3451 485 3527 proprius
523 3465 624 3526 patres
663 3471 768 3508 eorum
802 3470 893 3526 quam
928 3451 969 3508 illi
1002 3453 1053 3527 qui
1087 3471 1138 3509 eos
1168 3450 1331 3510 carnaliter

346 3542 542 3613 generabant,
576 3539 647 3613 quia
679 3539 881 3613 personalitas
905 3538 1036 3596 hominis
1065 3538 1171 3614 pocius
1193 3552 1331 3597 servatur

346 3627 377 3682 in
401 3626 509 3701 spiritu
534 3638 624 3701 quam
649 3627 679 3682 in
704 3645 840 3700 corpore.
874 3628 935 3682 Nec
959 3628 1049 3684 habet
1081 3640 1167 3701 pater
1199 3627 1377 3686 carnalis35

347 3715 414 3788 plus
449 3713 506 3770 nisi
539 3716 619 3788 quod
653 3713 807 3770 carnalem
833 3712 1075 3789 materiamque
1103 3713 1158 3770 fuit
1182 3734 1200 3772 a
1223 3714 1330 3772 mundi

346 3800 438 3858 inicio
455 3821 522 3858 cum
549 3803 645 3858 forma
667 3800 848 3857 accidentali
872 3802 909 3857 ad
927 3800 1172 3875 procreacionem
1199 3800 1331 3859 similem

346 3888 408 3946 sive
433 3888 609 3945 dissimilem
635 3887 836 3946 administrat.

400 4158 422 4199 9.
438 4146 472 4187 A:
487 4143 564 4197 patris
577 4143 664 4199 gloria.
741 4154 772 4184 to.
788 4142 896 4196 lt:silius
911 4143 1052 4198 corporalis.
1127 4154 1159 4192 ta.
1175 4142 1209 4184 A:
1225 4148 1248 4185 et
1259 4153 1334 4198 gene·

348 4198 433 4240 rabant
446 4197 517 4239 deest.
585 4195 616 4237 ni.
637 4197 670 4237 A:
695 4195 757 4249 quod
779 4195 880 4249 implent.
946 4206 981 4248 27·
1005 4196 1027 4237 Α
1048 4195 1070 4236 in
1096 4206 1181 4247 mara:
1205 4191 1334 4240 lohannes.

347 4249 376 4293 31.
393 4250 424 4292 lt:
440 4250 464 4292 in
479 4253 572 4291 menter.
635 4246 665 4290 35.
680 4249 703 4290 A
718 4247 739 4289 in
756 4259 842 4300 marga
872 4245 939 4300 Quod
955 4246 1115 4303 personalitas
1137 4246 1335 4303 tonrntspoctus

346 4306 458 4345 seruatur
471 4303 495 4345 in
509 4301 595 4355 spiritu
609 4312 679 4354 anam
693 4300 716 4342 in
732 4311 838 4354 corpore.

402 4432 440 4478 ts.
460 4431 517 4478 set.
536 4428 567 4489 ν,
587 4428 628 4476 28.
