3098 5130
162 515 228 558 CAl'.
250 501 304 584 Ν]
460 519 505 568 DE
526 519 764 569 ANTlCllRlSTO
786 520 848 569 ΗΒ.
869 520 886 568 l.

158 678 229 752 quia
245 693 459 753 pervertuntur
476 693 537 736 tam
555 678 707 736 intellectu
724 698 816 754 quam
834 697 937 754 opere,
955 698 1023 737 cum
1042 678 1148 736 diebus

161 765 271 822 nostris
310 764 489 822 Antichristi
533 766 638 840 religio
677 781 721 823 est
766 780 880 828 erecta:
915 767 983 824 ideo
1016 782 1078 824 tam
1118 767 1148 822 in
1186 778 1336 835 innomine,

159 851 232 925 legis
266 852 384 909 fallacia
417 872 509 927 quam
534 853 564 909 in
596 852 656 910 vita
682 855 824 911 mendosa
850 855 996 911 deludunt
1020 854 1148 929 populo:

161 942 323 996 observant
354 954 456 997 tamen
480 939 641 1015 antiquum
666 940 808 998 infamem
835 941 997 1005 binarium,
1027 944 1079 997 sed
1103 958 1150 996 ex-

137 1029 271 1084 §cedunt
296 1025 325 1082 in
351 1027 449 1084 fallaci
473 1027 636 1102 scriptura,
666 1047 735 1085 cum
760 1043 914 1085 servantes
937 1042 1048 1086 statuta
1073 1046 1150 1084 nova

162 1127 263 1186 preter
288 1115 383 1187 legem
402 1115 525 1171 Domini
549 1117 616 1189 plus
640 1134 731 1191 quam
757 1115 945 1189 evangelium
970 1128 1096 1172 currunt
1112 1116 1149 1171 ad

162 1220 272 1274 papam
299 1201 431 1259 radicem
456 1221 509 1259 sue
534 1202 645 1259 heresis
669 1204 706 1260 ad
732 1221 801 1259 cum
825 1202 945 1278 scriptis
968 1221 1021 1259 sue
1045 1204 1151 1276 volup-

162 1288 216 1343 tati
241 1301 269 1344 et
286 1288 370 1345 lucro
388 1289 577 1363 placentibus
594 1289 841 1364 dispensandum.
867 1293 904 1346 Et
920 1290 962 1346 sic
979 1289 1151 1363 scriptitant

162 1393 252 1447 super
276 1375 373 1446 legem
391 1375 513 1432 Domini
538 1392 570 1433 ut
594 1396 684 1451 super
708 1377 895 1450 evangelium
914 1390 943 1434 et
958 1390 1059 1451 partes
1077 1376 1152 1434 alias

124 1462 316 1519 retrahentes
340 1481 394 1536 per
417 1482 486 1519 suas
510 1465 626 1538 glossas
642 1464 778 1521 sinistras
801 1467 839 1521 ad
855 1483 943 1520 suum
961 1462 1151 1539 propositum

162 1561 257 1604 totam
282 1550 465 1607 sentenciam
492 1551 565 1625 legis
589 1550 642 1607 Dei
668 1566 696 1608 et
720 1552 824 1608 dicunt
847 1551 967 1626 publice
991 1553 1072 1626 quod
1096 1550 1153 1606 nisi

164 1635 220 1708 ipsi
260 1634 397 1694 iuvarent
435 1657 556 1695 sensum
594 1637 668 1712 legis
707 1654 735 1696 et
773 1638 941 1695 nubilosam
982 1637 1152 1695 doctrinam

164 1722 323 1796 Augustini
359 1744 426 1781 cum
461 1725 528 1782 aliis
561 1725 694 1801 antiquis
729 1726 915 1796 doctoribus,
941 1725 1053 1800 periret
1077 1725 1153 1781 infra

166 1809 317 1866 modicum
348 1831 451 1868 sensus
475 1812 544 1876 Dei:
580 1827 608 1871 et
640 1813 682 1869 sic
706 1813 835 1870 dilatant
859 1812 1049 1888 philateriam
1075 1813 1153 1869 ultra

126 1897 306 1972 15airtiquas
340 1901 564 1976 menbranulas,
597 1902 648 1957 sed
675 1903 753 1958 Deus
782 1900 861 1957 iuvet
885 1919 969 1956 suam
995 1899 1152 1956 ecclesiam

165 1999 270 2042 contra
295 1986 368 2045 istos
385 1986 536 2062 ypocritas
553 2001 615 2043 tam
633 1987 748 2044 intense
765 1988 898 2044 cautelas
918 1987 1031 2043 diaboli
1056 1987 1153 2062 publi·

168 2087 280 2129 cantes.

210 2159 407 2233 hlagnilicant
440 2162 573 2218 secundo
606 2160 751 2230 fimbrias,
784 2161 855 2236 quia
892 2180 953 2218 non
977 2161 1075 2217 solum
1101 2179 1155 2234 per
1174 2176 1350 2236 'lauressam

167 2264 251 2300 suam
286 2247 419 2319 regulam
453 2251 504 2304 sed
537 2267 592 2322 per
623 2267 711 2304 suum
746 2248 881 2305 habitum
916 2262 945 2304 et
978 2247 1052 2304 ritus
1078 2240 1363 2328 'aliosmceremomes

125 2331 323 2405 aodecipiunt
361 2333 555 2397 christianos:
590 2349 619 2391 et
651 2335 693 2392 sic
727 2334 756 2391 in
792 2335 848 2391 ista
881 2337 1013 2391 secunda
1038 2335 1155 2390 fallacia

167 2434 310 2492 superant
334 2422 370 2476 de
394 2422 458 2494 lege
479 2422 569 2478 reteri
587 2422 752 2497 phariseos,
779 2435 811 2478 ut
828 2435 910 2496 patet
933 2424 969 2478 de
993 2421 1155 2484 habitibus.

169 2507 205 2561 de
229 2507 351 2562 nutibus
376 2521 404 2563 et
434 2507 539 2564 ritibus
572 2509 638 2566 aliis
662 2509 692 2566 in
716 2508 843 2566 ecclesia
868 2509 956 2565 hodie
980 2508 1154 2566 observatis.

170 2596 288 2650 Ponunt
311 2593 390 2650 enim
414 2596 481 2669 plus
503 2595 635 2652 numinis
652 2596 682 2651 in
699 2595 761 2652 suis
778 2595 929 2653 habitibus
947 2615 1037 2670 quam
1056 2595 1110 2651 suit
1126 2595 1156 2651 in

169 2681 270 2737 tunica
294 2681 404 2738 Christi
430 2681 601 2739 inconsutili
627 2696 655 2739 et
679 2685 760 2758 quod
786 2683 921 2739 fimbrias
948 2702 1017 2740 suas
1042 2681 1158 2755 magni·

128 2768 271 2837 25licant,
308 2783 389 2842 patet
423 2769 627 2843 explicacione
661 2770 788 2826 vestium
819 2770 849 2826 in
874 2769 1022 2844 religiosis
1047 2769 1157 2825 nostris

170 2855 379 2912 incedentibus
403 2856 467 2912 sine
491 2856 605 2931 cappis.
631 2857 772 2928 Religiosi
796 2871 897 2914 autem
923 2857 1017 2914 nostri
1035 2855 1157 2930 cappati

170 2944 280 2999 habent
314 2962 368 3000 sua
400 2944 577 3000 vestimenta
610 2943 739 3000 nimium
770 2944 899 3002 dilatata
923 2958 952 3001 et
976 2963 1029 3019 per
1054 2962 1157 3001 conse·

170 3049 264 3102 quens
290 3029 483 3103 magnificata
515 3049 575 3087 non
600 3032 699 3087 solum
724 3031 755 3087 in
780 3031 908 3088 fimbriis
932 3034 983 3089 sed
1008 3031 1038 3087 in
1063 3030 1156 3106 parti·

171 3119 225 3172 bus
249 3117 316 3173 aliis
341 3117 582 3193 quibuscunque.

129 3217 161 3264 30
214 3204 352 3260 Christus
375 3218 475 3261 autem
502 3225 561 3261 non
586 3205 675 3280 exigit
699 3204 771 3262 talia
788 3205 966 3262 indumenta
983 3208 1084 3280 quoad
1108 3224 1157 3263 co·
1190 3218 1348 3262 Thewoman

171 3291 265 3346 lorem
300 3306 327 3348 et
362 3292 488 3367 liguram
519 3293 550 3349 in
573 3293 636 3348 suis
659 3292 804 3366 apostolis
829 3287 874 3375 (ut
899 3307 981 3367 patet
1005 3296 1085 3351 Luce
1108 3270 1375 3379 V),⁸b‘')l¹‘{0{}'c⁰h⁸i„⁰}¹'ffffe

171 3397 225 3434 nec
259 3378 321 3452 ipse
354 3379 458 3436 habuit
491 3380 547 3436 nisi
571 3378 707 3436 strictam
741 3379 892 3437 fimbriam
926 3375 973 3461 (ut
1006 3380 1053 3437 hic
1086 3381 1158 3438 dicit
1170 3376 1376 3472 ”efflfflnssffilffl

171 3463 376 3545 leronymus),
400 3482 428 3523 et
444 3466 595 3524 ordinavit
613 3467 769 3524 mulierem
788 3467 889 3523 sanari
907 3486 965 3541 que
982 3467 1159 3541 paciebatur
1173 3442 1228 3490 χε
1322 3460 1327 3470 ’

172 3554 284 3609 lluxum
319 3553 473 3627 sanguinis
506 3572 559 3629 per
592 3566 706 3611 tactum
739 3554 785 3610 sui
809 3554 945 3628 corporis
968 3568 996 3610 et
1020 3574 1081 3610 non
1106 3574 1158 3629 per

130 3651 286 3701 35tnctum
320 3643 435 3697 nudum
469 3641 588 3699 fimbrie
611 3641 793 3711 vestimenti,
818 3643 856 3697 ad
881 3643 1052 3698 docendum
1077 3644 1159 3717 quod

173 3746 277 3783 sensus
301 3727 481 3784 intrinsecus
506 3728 686 3786 insensibilis
710 3728 784 3802 legis
802 3729 855 3785 Dei
880 3729 991 3785 serrari
1016 3731 1104 3786 debet
1129 3729 1158 3784 in

173 3832 240 3869 tera
266 3814 411 3887 religione
440 3830 467 3871 et
492 3835 552 3871 non
576 3817 769 3872 solummodo
793 3815 823 3872 in
848 3816 904 3872 hiis
928 3815 1030 3889 signis.
1060 3816 1160 3873 l‘otuit

173 3901 251 3957 enim
277 3904 330 3957 hec
349 3902 456 3958 mulier
472 3915 593 3975 tangere
611 3902 760 3959 fimbriam
785 3902 887 3960 tunice
903 3921 955 3959 sue
980 3903 1116 3978 deposite
1132 3915 1161 3958 et

174 4007 234 4044 non
259 3988 358 4045 sanari
383 3990 433 4045 sed
459 3989 552 4045 fluere
575 3990 751 4064 sanguinem
776 3991 853 4047 sicut
878 3990 969 4063 prius
1003 3993 1060 4047 Sed
1084 3989 1161 4045 sicut

129 4094 242 4148 qotere
275 4075 387 4131 dicitur
419 4078 510 4132 homo
544 4077 639 4150 tangit
664 4076 829 4148 hominem,
857 4079 929 4132 dum
956 4077 1051 4150 tangit
1074 4076 1161 4132 vesti-

177 4176 310 4218 mentum
346 4182 406 4238 quo
432 4165 546 4220 celatur
570 4183 681 4238 corpus
705 4163 777 4233 eius,
811 4163 854 4220 sic
885 4167 939 4221 hec
964 4163 1072 4219 mulier
1096 4177 1160 4219 tan·

175 4269 245 4322 gens
282 4250 432 4306 fimbriam
458 4249 627 4308 vestimenti
654 4250 764 4307 Christi
790 4251 886 4323 tetigit
911 4270 1021 4323 corpus
1046 4250 1108 4305 eius
1132 4263 1160 4305 et

226 4469 258 4512 23.
275 4470 303 4512 u:
334 4470 372 4512 lue
385 4471 468 4512 ruinas.
523 4481 560 4523 24,
575 4470 609 4513 25.
625 4471 657 4512 A:
673 4469 814 4522 munificam.
