3098 5130
237 2538 337 2583 Christ's

185 2593 276 2651 lium-ilii

231 2648 275 2687 lort

278 2604 293 2686 l

309 2591 386 2633 sucus

308 2643 344 2686 itis

625 535 749 585 OPERIS
767 534 980 585 uvnnoeucr
1000 534 1064 584 rra.
1084 535 1126 584 iv.
1238 514 1324 599 [cnr.
1337 529 1380 575 nr.

395 707 424 751 et
456 694 565 751 iterum
593 697 747 752 redeundo
781 697 818 752 ad
854 693 1013 770 prandium
1048 694 1090 752 sic
1123 695 1263 764 lavando,
1310 712 1384 752 cum

395 801 487 838 omne
511 802 587 856 opus
621 784 787 839 humanum
822 781 956 839 debitum
981 781 1257 857 proporcionaliter
1279 793 1314 838 ut
1337 793 1386 838 est

396 869 580 926 racionabile
604 883 647 926 est
670 871 810 927 facetum.
851 869 961 927 Docuit
999 888 1071 944 ergo
1099 870 1187 926 valde
1220 867 1387 926 salubriter

397 956 533 1013 Christus
568 957 599 1014 in
622 958 680 1014 isto
705 957 863 1014 ecclesiam
888 958 970 1031 quod
1002 956 1097 1031 magis
1122 958 1234 1014 bonum
1260 968 1304 1013 est
1328 974 1385 1031 po-

396 1043 459 1100 cius
484 1044 685 1118 diligendum;
715 1059 743 1101 et
768 1044 798 1101 in
823 1045 881 1101 hoc
905 1043 1050 1100 destruxit
1075 1043 1156 1100 mille
1180 1046 1299 1101 hereses
1323 1050 1413 1117 quei

395 1131 426 1187 in
450 1131 576 1188 ecclesia
600 1132 793 1206 pullularent.
832 1131 906 1202 Quis
931 1130 1011 1187 enim
1046 1130 1164 1188 dubitat
1196 1131 1268 1205 quia
1301 1129 1386 1187 locio

396 1221 507 1293 pedum
548 1237 606 1293 que
645 1233 708 1276 erat
747 1218 886 1276 doctrina
925 1217 1104 1275 humilitatis
1138 1232 1167 1275 et
1201 1216 1384 1293 purificacio

396 1305 505 1361 mentis
528 1305 584 1362 suit
613 1306 719 1363 melior
743 1325 834 1380 quam
859 1308 970 1362 bonum
1002 1304 1126 1379 aliquod
1150 1304 1329 1380 corporale?
1352 1318 1386 1361 et

396 1391 438 1449 sic
461 1393 615 1466 signanter
644 1392 781 1450 Christus
814 1394 1005 1468 corporalem
1041 1392 1140 1449 cibum
1167 1405 1292 1468 propter
1324 1393 1385 1448 hoc

398 1481 510 1536 bonum
528 1480 630 1537 anime
654 1479 848 1555 pretermisit.
874 1482 909 1537 Et
926 1479 969 1536 sic
994 1480 1105 1536 tollunt
1122 1479 1226 1536 fideles
1242 1478 1385 1554 argucias
1401 1504 1432 1538 ιο

397 1585 491 1641 quare
508 1566 646 1624 Christus
670 1587 731 1626 non
755 1566 887 1641 appeciit
904 1568 1075 1624 mundanas
1092 1565 1217 1624 divicias
1242 1581 1270 1624 et
1287 1583 1385 1640 quare

397 1673 458 1710 non
492 1654 597 1711 ditavit
632 1669 759 1712 matrem
783 1673 867 1712 suam
893 1674 927 1712 ac
952 1673 1021 1711 suos
1046 1655 1200 1728 apostolos
1231 1673 1299 1711 curn
1325 1652 1385 1709 hiis

398 1741 524 1797 terrenis
549 1741 733 1798 fluxibilibus
766 1745 816 1798 sed
841 1741 948 1816 pocius
972 1741 1015 1798 eis
1039 1740 1145 1797 tribuit
1177 1743 1257 1799 bona
1281 1740 1385 1798 anime

399 1828 533 1885 meliora.

792 2034 897 2096 CAP.
921 2033 984 2096 ΙΙΙ.
1401 2046 1430 2097 15

444 2175 587 2251 Sequitur
608 2175 640 2233 in
658 2189 752 2232 textu:
777 2174 898 2233 Etcum
915 2177 1072 2252 accepisset
1096 2177 1245 2248 lintheum,
1265 2175 1385 2252 preciu-

400 2265 445 2320 xit
482 2283 521 2334 se,
555 2264 659 2320 deinde
682 2263 759 2319 misit
791 2282 895 2339 aqirarn
929 2264 957 2319 in
986 2265 1102 2339 peluem
1136 2274 1162 2319 et
1186 2263 1260 2339 cepit
1283 2263 1388 2319 lavare

398 2352 487 2427 pedes
520 2351 728 2426 discipulorum
762 2363 789 2405 et
821 2352 994 2429 extergebat
1024 2351 1130 2406 lintheo
1152 2368 1208 2426 quo
1232 2360 1297 2407 erat
1316 2367 1388 2426 pre·

401 2450 518 2497 cinctus.

445 2528 542 2599 Super
566 2543 626 2599 quo
651 2523 850 2598 Augustinus:
891 2524 1036 2580 Debemus
1070 2523 1249 2580 dilectissimi
1270 2539 1389 2579 sensum
1401 2546 1435 2584 20

401 2612 592 2689 Evangeliste
628 2612 785 2688 diligenter
816 2612 976 2672 attendere.
1021 2611 1186 2667 Locuturus
1219 2610 1323 2685 quippe
1352 2610 1391 2666 de

230 2696 342 2739 ¹⁰f¹i⁰⁶⁵⁸²
401 2690 481 2754 tanta
500 2698 620 2755 Domini
635 2699 795 2754 bumilitate
813 2699 897 2774 prius
914 2699 974 2754 eius
989 2698 1186 2754 celsitudinem
1204 2697 1294 2753 voluit
1309 2715 1389 2754 com-

403 2787 550 2842 mendare.
583 2785 630 2840 Ad
661 2787 715 2842 lroc
733 2786 859 2861 pertinet
882 2787 960 2860 quod
992 2786 1048 2840 ait:
1076 2786 1174 2841 Sciens
1201 2785 1267 2860 quia
1290 2784 1391 2840 omnia

404 2874 482 2930 dedit
505 2873 532 2928 ei
550 2883 639 2947 pater
654 2872 681 2927 in
706 2891 818 2943 uranus,
842 2883 869 2928 et
885 2873 952 2947 qnia
968 2891 985 2927 a
1001 2871 1066 2930 Deo
1090 2873 1162 2928 exiit
1186 2882 1213 2927 et
1236 2871 1276 2926 ad
1292 2871 1389 2927 Deum

405 2961 494 3015 radit.
523 2959 594 3014 Cum
612 2959 656 3015 illi
678 2978 752 3038 ergo
771 2971 860 3036 pater
883 2959 978 3015 omnia
1003 2961 1129 3015 dedisset
1152 2960 1179 3014 in
1204 2976 1316 3025 manus,
1340 2957 1434 3014 ille25

405 3047 615 3121 discipulorum
633 3065 687 3102 non
704 3066 807 3103 manus
827 3048 878 3103 sed
897 3047 987 3123 pedes
1004 3047 1085 3115 lavit,
1110 3058 1135 3101 et
1160 3063 1224 3102 curn
1247 3063 1279 3102 se
1300 3045 1391 3101 sciret

404 3154 421 3189 a
447 3134 509 3190 Deo
533 3134 629 3189 exisse
651 3144 678 3189 et
700 3135 740 3189 ad
764 3134 857 3190 Deum
876 3152 1015 3211 pergere,
1044 3152 1099 3190 non
1124 3134 1181 3189 Dei
1206 3132 1317 3188 domini
1337 3133 1391 3188 sed

406 3220 529 3276 bominis
552 3221 633 3277 serui
663 3221 792 3296 implerit
816 3221 955 3298 officinm.
994 3222 1040 3276 Ad
1063 3221 1117 3277 hoc
1143 3231 1238 3277 autem
1260 3219 1391 3295 pertinet

406 3309 482 3383 qnod
504 3308 594 3364 eciam
616 3308 651 3363 de
671 3309 817 3364 traditore
833 3309 930 3383 ipsius,
954 3308 1020 3383 qnia
1044 3308 1101 3363 iarn
1118 3307 1185 3363 talis
1202 3318 1320 3363 venerat
1342 3305 1394 3381 qui

406 3395 515 3451 abillo
548 3395 753 3473 ignorabatur,
774 3396 910 3471 preloqui
942 3396 1040 3463 volarit,
1084 3407 1114 3449 ut
1141 3395 1196 3450 lroc
1219 3411 1329 3469 quoque
1350 3394 1392 3448 ad
1402 3398 1436 3449 30

407 3483 568 3538 maximum
593 3483 739 3538 curnulnrn
765 3483 936 3539 luunilitatis
960 3483 1111 3538 accederet
1133 3483 1211 3557 qnod
1233 3481 1322 3537 eciam
1347 3480 1393 3535 illi

407 3589 462 3626 uon
486 3570 661 3648 dedignatus
685 3580 727 3626 est
745 3571 837 3646 pedes
860 3571 962 3625 lauare
985 3570 1065 3625 cuius
1088 3588 1191 3625 trranns
1214 3568 1271 3624 iam
1292 3567 1390 3643 preri-

407 3658 491 3713 debat
516 3658 543 3713 in
566 3658 687 3714 scelere.

455 3745 533 3813 Quid
555 3756 651 3801 autem
676 3744 781 3799 mirum
807 3744 833 3800 si
853 3744 986 3799 surrexit
1010 3762 1027 3798 a
1051 3761 1120 3798 cena
1137 3753 1165 3797 et
1184 3741 1283 3818 posuit
1307 3741 1391 3797 resti·

408 3843 502 3887 ruenta
525 3850 587 3897 sua,
612 3832 661 3907 qui
683 3850 746 3887 cum
771 3831 799 3886 in
814 3833 923 3906 forma
947 3831 1004 3885 Ilei
1026 3841 1099 3886 esset
1121 3830 1305 3904 semetipsum
1328 3828 1436 3884 exi-35

408 3919 540 3974 inanivit?
576 3919 612 3973 lb
634 3918 704 3993 quid
727 3919 833 3973 mirum
866 3918 893 3973 si
916 3917 1063 3992 precinxit
1091 3935 1123 3972 se
1146 3916 1232 3973 linteo
1256 3915 1304 3991 qni
1318 3915 1392 3990 sor·

409 4024 485 4061 rnatu
509 4006 589 4061 serni
615 4005 758 4080 accipiens
782 4006 879 4060 habitu
904 4005 1036 4060 inuentus
1059 4015 1099 4060 est
1124 4015 1154 4059 ut
1178 4003 1287 4060 homo?
1313 4001 1394 4078 Quid

462 4281 496 4311 ro.
512 4270 533 4312 A
548 4268 571 4311 iu
588 4280 673 4323 marga
689 4269 839 4324 Augustinus.
895 4266 924 4312 31.
940 4270 973 4312 A:
989 4268 1088 4312 cederet.

465 4393 503 4445 16.
530 4394 589 4444 loh.
617 4396 681 4455 Xlll,
708 4397 786 4458 4-5.
869 4409 908 4443 20.
932 4396 958 4444 S.
984 4396 1121 4459 Augustini
1152 4394 1167 4443 1.
1196 4409 1218 4443 c.
1246 4408 1305 4460 pag.
1332 4391 1393 4445 655.

410 4468 450 4527 34.
470 4464 582 4529 Philipp.
603 4465 631 4521 ll,
650 4464 665 4512 (t
685 4475 711 4513 et
730 4480 753 4528 7.
