3098 5130
211 484 280 528 ene.
297 471 337 554 u]
492 490 537 539 ns
559 489 794 540 auricuutsro
815 489 881 538 nra.
901 491 919 538 1.

213 647 330 721 signum
365 647 453 703 huius
486 648 599 705 amoris
624 648 787 722 evangelici
813 649 844 705 in
868 648 985 705 effectu.
1025 650 1075 705 ille
1099 665 1199 706 autem

213 734 328 791 baiulat
345 752 464 791 crucem
482 754 567 792 suam
592 748 621 792 et
644 737 724 792 venit
741 749 809 810 post
827 735 980 792 Christum
997 736 1048 810 qui
1073 738 1109 792 ad
1135 755 1201 811 per-

214 823 345 877 dendum
370 824 575 897 quodcunque
598 821 725 879 istorum
742 836 857 897 septem
883 842 938 896 pro
961 841 1065 880 amore
1086 824 1200 880 Christi

214 921 266 964 aut
290 907 364 982 legis
388 928 440 966 sue
464 908 608 966 continue
632 924 675 967 est
699 923 834 985 paratus.
866 913 903 965 Et
926 924 1008 985 patet
1041 913 1116 968 bene
1140 924 1201 968 stu·

190 993 296 1051 §tenti
320 998 476 1070 quomodo
509 996 540 1053 in
573 1016 678 1054 amore
703 997 815 1054 Christi
849 998 994 1055 continue
1023 997 1200 1069 titubamus3

215 1096 242 1140 et
269 1102 336 1139 cum
362 1085 505 1139 debemus
530 1087 626 1140 Deum
651 1084 776 1158 diligere
800 1102 833 1142 ex
858 1097 924 1141 toto
948 1088 1048 1155 corde,
1082 1085 1112 1142 in
1136 1099 1201 1142 tota

214 1169 316 1226 anima
350 1183 378 1227 et
403 1171 433 1227 in
457 1184 521 1227 tota
547 1184 657 1241 mente,
691 1185 773 1246 patet
805 1174 887 1247 quod
920 1172 1147 1247 prevaricamur
1171 1172 1200 1229 in

214 1257 271 1313 isto
281 1256 380 1331 primo
398 1259 541 1314 mandato
558 1272 587 1315 et
610 1258 756 1330 maximo;
774 1271 881 1316 etcum
894 1261 1002 1316 Psalm.
1016 1261 1141 1330 CXVlll,
1161 1274 1195 1316 21

214 1344 369 1400 scribitur:
398 1345 551 1401 Maledicti
570 1346 621 1422 qui
643 1347 789 1402 declinarit
813 1367 830 1402 α
855 1348 1000 1403 ntandatis
1023 1348 1089 1418 tuis,
1128 1345 1201 1402 reri·

174 1431 311 1487 rosimile
334 1446 378 1487 est
401 1434 483 1505 quod
507 1432 596 1488 nimis
627 1432 711 1489 multi
740 1447 808 1490 sunt
832 1432 863 1488 in
887 1433 1013 1490 ecclesia
1038 1432 1200 1493 maledicti.

214 1522 249 1574 Et
267 1518 346 1574 istud
364 1517 480 1575 videtur
492 1520 617 1576 Paulum
637 1519 806 1595 intelligere
822 1522 832 1576 t
850 1522 918 1577 Cor.
936 1520 1054 1591 ultimo,
1079 1523 1201 1596 quando

214 1605 301 1661 dicit:
327 1606 360 1660 Si
381 1607 444 1681 quis
476 1625 532 1662 nort
560 1608 705 1663 ornaverit
733 1608 881 1664 dominum
904 1608 1003 1664 lesum
1040 1609 1200 1677 Christum,

212 1694 367 1749 anathema
391 1694 436 1749 sit.
472 1693 507 1749 Et
531 1694 667 1770 loquitur
695 1693 817 1752 indubie
842 1696 878 1750 de
902 1694 959 1751 isto
984 1714 1088 1753 amore
1112 1715 1200 1753 eran-

213 1780 310 1853 gelico
333 1779 483 1839 ordinato.

175 1874 202 1923 15
256 1867 363 1924 Tereia
388 1867 560 1942 proposicio
584 1867 672 1924 huius
697 1869 843 1941 evangelii
870 1873 950 1927 Luce
974 1872 1048 1938 XIV,
1074 1870 1200 1927 28-30

214 1955 349 2029 sequitur
373 1955 403 2010 in
427 1956 481 2012 hec
498 1957 603 2012 verba:
633 1956 705 2023 Quis
722 1957 795 2012 enim
812 1975 852 2014 ex
875 1957 954 2014 vobis
971 1959 1069 2013 volens
1092 1959 1200 2014 turrim

214 2042 351 2118 edificare
367 2061 459 2098 nonne
478 2043 564 2118 prius
588 2045 690 2100 sedens
713 2056 861 2120 computat
876 2057 1009 2120 sturtpttrs
1032 2046 1082 2120 qui
1105 2063 1200 2101 neces·

213 2129 288 2184 sarii
308 2141 373 2184 sunt
397 2130 424 2184 si
445 2131 550 2186 habeat
574 2132 614 2185 ad
633 2131 857 2206 perficiendum,
882 2151 916 2187 ne
935 2143 1125 2208 posteaquam
1147 2151 1200 2209 po-

213 2216 304 2272 suerit
326 2216 554 2290 fundamerrtttrrt
588 2226 622 2273 et'
644 2236 698 2272 non
722 2219 819 2292 potuit
838 2219 992 2294 perficere,
1032 2238 1129 2275 ormtes
1153 2220 1201 2294 qui

172 2325 204 2357 20
216 2304 311 2358 vident
334 2303 472 2378 incipiant
488 2303 515 2359 ei
529 2304 663 2369 illudere,
686 2304 813 2361 dicentes
829 2306 895 2380 quia
920 2307 967 2362 hic
990 2307 1076 2361 homo
1092 2307 1201 2382 ceperit

214 2390 352 2466 edificare
375 2401 402 2445 et
425 2409 481 2445 nort
501 2391 597 2466 potuit
620 2409 830 2447 consummare.
865 2395 897 2448 ln
922 2412 982 2467 quo
1006 2393 1143 2466 exemplo
1167 2412 1200 2449 ex

215 2476 272 2532 tide
306 2476 425 2550 capitur
457 2480 539 2551 quod
579 2476 634 2534 rite
667 2477 782 2535 intrans
814 2493 927 2536 sectam
962 2479 1072 2535 Christi
1111 2481 1200 2536 habet

214 2564 405 2638 propositum
439 2566 477 2620 ad
502 2564 631 2638 patriam
657 2565 813 2622 scalariter
836 2565 975 2623 veniendi
1000 2580 1029 2623 et
1053 2584 1106 2640 prr
1130 2585 1200 2623 con-

214 2670 341 2725 sequens
380 2650 471 2707 turris
504 2653 549 2708 vel
573 2652 653 2708 scala
686 2652 828 2709 virtutum
863 2666 908 2710 est
941 2653 996 2709 sibi
1020 2653 1199 2724 necessaria,

171 2738 297 2794 naeuius
314 2738 550 2795 fundamendum
575 2752 618 2796 est
642 2738 716 2796 fides
739 2753 768 2796 et
792 2740 902 2797 caritas
925 2742 1036 2814 gradus
1053 2759 1199 2796 summus.

213 2827 258 2880 Ad
283 2825 546 2883 construccionem
580 2839 681 2883 autem
717 2827 805 2883 huius
828 2827 920 2884 turris
943 2826 1104 2884 necessarii
1130 2841 1200 2884 sunt

213 2925 351 2986 sumptus
380 2913 590 2987 potenciarum
625 2913 725 2970 anime
749 2928 777 2971 et
800 2914 970 2988 specialiter
1003 2914 1147 2971 virtutum
1172 2929 1200 2972 et

213 3000 400 3056 diversorum
418 3003 566 3075 graduum
592 3000 622 3058 in
639 3019 759 3070 amore3
784 3003 821 3058 ad
845 3001 930 3058 cuius
955 3002 1046 3058 turris
1062 3021 1200 3059 consum·

215 3087 384 3144 macionem
419 3090 489 3144 dum
521 3089 612 3145 homo
646 3088 784 3160 desuerit,
817 3089 989 3147 necessario
1021 3104 1065 3147 est
1093 3092 1200 3164 damp-

172 3176 332 3231 ionandus
356 3188 384 3231 et
408 3194 550 3248 passurus
567 3174 737 3232 illusionem
764 3176 892 3233 maxime
916 3179 1112 3251 exprobosam
1138 3191 1200 3234 tam

214 3281 229 3318 a
255 3260 407 3318 salvandis
430 3281 522 3337 quam
547 3262 643 3320 eciam
668 3264 939 3337 condempnandis.

258 3351 372 3419 Quarta
414 3350 586 3424 proposicio
619 3348 707 3406 huius
746 3351 894 3425 evangelii
928 3352 1063 3426 sequitur
1091 3351 1121 3408 in
1146 3353 1200 3409 hec

214 3438 318 3492 verba:
352 3439 408 3492 Aut
432 3437 495 3511 quis
518 3455 575 3494 rex
597 3437 692 3493 iturus
714 3440 897 3495 committere
924 3439 1030 3495 bellum
1057 3441 1200 3495 adversus

214 3524 302 3579 alium
328 3543 440 3600 regem,
474 3543 567 3580 nonne
600 3525 703 3581 sedens
722 3526 809 3600 prius
841 3526 952 3603 cogitat
974 3527 1000 3582 si
1018 3527 1112 3602 possit
1135 3545 1199 3582 cum

172 3612 311 3666 35decem
329 3611 455 3667 millibus
478 3630 637 3668 occurrere
659 3612 686 3668 ei
707 3612 756 3686 qui
769 3631 833 3668 cum
855 3613 961 3690 triginti
975 3613 1102 3670 millibus
1127 3614 1201 3669 venit

214 3699 253 3751 ad
275 3716 316 3765 se,
339 3699 467 3773 alioquin
483 3700 579 3754 adhuc
596 3699 646 3755 illo
663 3699 751 3776 longe
766 3711 873 3776 agente
889 3700 1069 3776 legacionem
1086 3700 1201 3757 mittens

215 3796 303 3861 rogat
320 3803 352 3840 ea
369 3804 423 3859 que
442 3786 525 3861 pacis
540 3798 615 3842 sunt.
641 3785 790 3842 Catholici
808 3785 1012 3843 communiter
1028 3787 1200 3861 intelligunt

215 3890 268 3945 per
291 3871 423 3945 primum
448 3890 548 3946 regem
579 3872 777 3929 christianum
807 3873 973 3948 quemlibet
998 3874 1045 3931 hic
1068 3873 1199 3931 viantem

266 4160 284 4205 5.
301 4163 333 4205 A:
354 4166 465 4205 contraire
483 4162 555 4204 deest.
635 4172 656 4215 9.
672 4164 706 4205 A:
726 4163 837 4206 scribitur
850 4163 921 4207 deest.
995 4161 1022 4205 15.
1039 4164 1059 4205 Α
1075 4163 1096 4205 iu
1113 4174 1198 4216 marga

219 4214 300 4256 'l'ercia
313 4215 459 4269 propositio.
524 4225 553 4257 ι’.
569 4215 602 4257 A:
618 4225 665 4257 non
677 4215 746 4269 priter
757 4217 826 4269 prius
839 4216 930 4258 sederis.
985 4214 1018 4257 32.
1034 4217 1054 4258 Α
1070 4215 1092 4257 in
1113 4226 1199 4267 marga

217 4267 306 4319 Qutrrta
320 4267 464 4321 propositio.
528 4238 563 4309 lo.
580 4268 609 4309 tt:
624 4267 725 4323 longius.

271 4425 309 4458 tr.
328 4410 346 4458 l.
366 4411 426 4459 Cor.
445 4411 512 4471 xvt,
532 4424 572 4460 22.
646 4410 685 4461 33.
707 4410 793 4460 Lucae
812 4410 878 4471 xlv,
899 4411 939 4471 31,
960 4410 1000 4461 32.

1250 1881 1269 1926 3.
1285 1882 1379 1926 Vir-rues

1234 1948 1356 1990 necessary
1371 1944 1394 1977 to

1264 1991 1301 2031 the
1317 1996 1368 2030 true

1249 2042 1376 2085 Christian.

1229 3376 1252 3415 4.
1267 3364 1362 3407 Parable
1376 3364 1402 3405 oi

1223 3416 1261 3458 the
1276 3423 1323 3458 two
1338 3417 1405 3470 kings

1254 3468 1299 3510 und
1315 3469 1374 3511 their

1262 3521 1356 3563 armies.
