3098 5130
123 440 182 498 322

147 605 209 647 Wltn
224 604 303 646 Christ

142 652 310 715 xsns'tronblcd

172 722 194 751 ni
210 715 284 762 spicit.

567 433 690 482 omnus
709 432 921 482 Evnncmnci
942 432 1005 480 mn.
1026 432 1068 480 iv.
1185 414 1267 497 [cuo.
1282 428 1322 472 xi.

339 605 381 650 est
404 594 509 669 spiritu
533 604 560 648 et
580 603 763 666 protestatus
786 603 828 647 est
851 602 877 647 et
906 591 998 647 dixit:
1029 591 1121 648 Amen
1144 608 1239 660 amen,
1264 592 1328 647 dico

341 682 420 736 uobis
443 681 519 754 quod
551 698 624 735 irritis
656 697 695 734 ex
727 679 807 735 vobis
830 679 928 734 tradet
961 697 1014 734 me.
1048 678 1162 735 Hincne
1193 679 1329 735 turbatus

340 780 382 823 est
397 768 481 823 lesus
505 786 561 823 non
585 785 674 823 carne
696 767 748 822 sed
763 765 866 842 spiritu
883 765 948 840 quia
969 766 1103 822 dicturus
1107 768 1230 841 suerat:
1250 767 1329 823 Unus

340 873 378 910 eu
401 855 480 911 uobis
495 855 592 909 tradet
616 854 684 909 ine?
708 853 857 929 Numquid
879 872 945 908 nam
970 853 1015 908 illi
1035 852 1089 909 hoc
1112 864 1180 909 tunc
1197 853 1327 929 primum

341 943 415 998 neirit
439 943 466 997 in
491 953 613 998 mentem
638 941 684 996 vel
706 951 773 997 tunc
793 941 924 1016 primum
949 940 976 997 ei
996 940 1091 997 subito
1109 940 1270 997 revelatum
1287 944 1352 997 esti

340 1048 459 1104 eumque
482 1029 630 1104 repentina
648 1029 721 1083 tanti
737 1028 809 1083 mali
822 1028 950 1084 novitate
970 1027 1123 1083 turbarit?
1146 1027 1249 1084 Nonne
1264 1027 1329 1084 hinc

337 1117 427 1191 paulo
452 1127 519 1171 ante
535 1116 706 1190 loquebatur
722 1115 835 1171 dicens:
863 1115 921 1182 Qui
936 1116 1093 1170 manducat
1109 1133 1203 1170 meum
1222 1132 1328 1190 panem

341 1204 448 1259 levabit
470 1222 558 1277 super
582 1221 627 1258 me
650 1202 840 1258 calcaneum?
864 1202 966 1258 Nonne
997 1201 1088 1257 eciam
1112 1201 1249 1277 superius
1272 1201 1329 1258 iam

341 1292 476 1346 dixerat:
500 1291 540 1345 Et
564 1307 614 1346 ros
638 1289 739 1344 mnndi
760 1289 829 1345 estis
851 1289 974 1345 sednon
1002 1289 1124 1345 omnes?
1155 1289 1210 1344 Ubi
1232 1289 1331 1344 Euan-

339 1377 443 1455 gelista
467 1377 630 1434 subiunxit:
654 1376 767 1432 Sciebat
787 1376 861 1432 enim
887 1375 1017 1450 quisnam
1042 1386 1115 1432 esset
1131 1376 1180 1450 qui
1199 1376 1332 1432 traderet
1346 1397 1375 1430 ιο

341 1483 404 1520 eum
427 1483 509 1540 quem
527 1465 627 1519 iamet
651 1475 718 1519 ante
739 1463 911 1540 signaverat
934 1462 1048 1519 dicens:
1071 1462 1175 1519 Nonne
1197 1481 1253 1540 ego
1280 1480 1331 1519 uos

341 1552 491 1607 duodecim
515 1551 592 1628 elegi
614 1560 640 1605 et
664 1568 736 1605 unus
759 1567 798 1606 ex
821 1549 900 1605 nobis
924 1550 1057 1605 diabolus
1090 1549 1154 1606 est?
1190 1550 1269 1617 Quid
1288 1561 1331 1606 est

341 1657 415 1716 ergo
438 1639 515 1714 quod
543 1656 616 1692 iiicitc
632 1637 821 1693 conturbatus
843 1648 885 1692 est
912 1637 1029 1710 spiritu,
1058 1655 1122 1692 cum
1148 1647 1331 1712 protestatus

342 1736 383 1781 est
404 1736 431 1780 et
452 1725 543 1780 dixit:
566 1725 656 1779 Arinen
679 1742 772 1789 amen.
797 1724 861 1779 dico
884 1723 963 1779 uobis
995 1723 1060 1798 qnia
1084 1741 1158 1778 tinus
1181 1741 1220 1780 ex
1252 1724 1332 1780 vobis

342 1812 439 1866 tradet
463 1811 531 1867 me?
554 1811 597 1865 An
622 1811 688 1884 quia
705 1829 768 1866 cum
794 1811 851 1865 iam
867 1811 975 1884 suerat
990 1827 1198 1886 expressurus,
1223 1822 1254 1866 ut
1275 1829 1330 1866 non
1346 1816 1374 1865 15

343 1900 448 1954 lateret
476 1898 503 1952 in
527 1897 630 1953 ceteris
652 1898 704 1952 sed
727 1897 976 1953 discerneretura
1000 1898 1115 1967 ceteris,
1143 1898 1207 1954 ideo
1231 1899 1330 1954 tnrba-

343 1996 390 2040 tus
413 1995 455 2041 est
477 1984 593 2060 spiritu.
617 1984 656 2039 Et
680 1984 745 2058 quia
770 1984 830 2060 ipse
853 1984 981 2040 traditor
997 1985 1054 2039 iam
1072 1985 1180 2058 suerat
1197 1985 1332 2041 exiturus

343 2083 374 2127 ut
396 2072 505 2126 Judeos
528 2071 627 2144 quibus
651 2070 795 2127 Dominus
818 2071 853 2126 ab
878 2072 940 2146 ipso
964 2072 1135 2127 traderetur
1162 2072 1332 2143 adduceret,

345 2159 472 2215 turbauit
497 2177 559 2214 eum
593 2158 745 2215 imminens
769 2157 868 2233 passio
901 2169 928 2213 et
953 2158 1117 2233 periculum
1147 2159 1285 2234 proximi
1306 2171 1333 2215 et

345 2246 498 2301 traditoris
522 2246 690 2320 impendens
712 2264 824 2314 neonus,
848 2245 1043 2320 cniussuerat
1062 2245 1255 2323 precognitus
1270 2246 1332 2302 ani·
1346 2267 1379 2300 20

345 2352 418 2391 rrius,
449 2333 517 2388 Tale
540 2333 645 2408 quippe
660 2344 701 2388 est
725 2333 802 2407 qnod
815 2332 898 2388 lesus
914 2333 1049 2388 turbatus
1070 2343 1113 2387 est
1127 2332 1232 2408 spiritu
1248 2333 1335 2408 quale

344 2420 432 2476 eciam
458 2419 531 2474 illud
554 2420 631 2494 quod
653 2420 709 2474 ait:
742 2420 826 2475 Nunc
848 2419 945 2474 anima
979 2438 1042 2474 mea
1071 2420 1187 2474 turbata
1211 2431 1263 2490 est,
1293 2431 1336 2476 et:

349 2506 428 2574 Quid
445 2507 563 2562 dicam?
587 2506 676 2561 Pater
694 2507 777 2561 salua
802 2524 848 2561 ine
863 2523 901 2560 ex
925 2506 979 2561 bac
1002 2507 1086 2577 liora,
1109 2507 1162 2562 sed
1174 2517 1335 2583 propterea

347 2593 410 2649 neni
433 2593 459 2647 in
485 2594 558 2649 hanc
582 2592 695 2648 lioram.
722 2593 801 2648 Sicut
826 2611 899 2670 ergo
923 2603 991 2648 tnnc
1013 2593 1110 2649 anima
1134 2593 1194 2649 eius
1218 2594 1335 2650 turbata

347 2691 388 2736 est
412 2682 485 2735 liora
505 2679 721 2754 propinquante
748 2679 902 2754 passionis,
932 2680 971 2734 ita
1001 2680 1086 2736 etiam
1113 2698 1188 2735 nunc
1218 2681 1335 2737 exituro
1348 2687 1379 2737 25

344 2767 420 2821 luda
443 2777 528 2841 atquc
560 2777 682 2822 venturo
714 2776 740 2822 et
760 2767 975 2842 propinquante
997 2778 1077 2822 tanto
1104 2768 1215 2823 scelere
1241 2768 1335 2823 tradi-

347 2854 420 2909 toris
443 2853 576 2909 turbatus
600 2864 644 2909 est
666 2852 783 2928 spiritu.

395 2941 542 2995 Turbatur
565 2958 638 3017 crgo
652 2951 824 3015 potestatem
842 2941 949 2996 ltablns
961 2941 1092 3014 ponendi
1107 2941 1233 2997 animam
1250 2960 1335 2997 suam

347 3039 373 3082 et
394 3038 565 3102 potestatem
584 3027 691 3083 habens
714 3028 818 3082 iterum
841 3028 975 3083 sumendi
997 3028 1083 3084 eam?
1111 3028 1259 3084 Turbatur
1274 3039 1334 3084 tam

347 3115 448 3190 ingens
469 3124 608 3188 potestas,
636 3115 773 3169 turbatur
791 3126 876 3190 petre
890 3115 1038 3191 firmitas:
1067 3134 1104 3170 an
1124 3116 1227 3191 pocius
1250 3115 1278 3171 in
1302 3122 1381 3173 eo3o

348 3211 447 3256 nostra
465 3201 601 3255 nubatur
617 3201 795 3276 infirmitas?
810 3202 854 3256 lta
871 3220 940 3257 uero
957 3202 1029 3257 nihil
1044 3201 1196 3281 indignum
1213 3204 1337 3259 credant

348 3289 428 3343 serni
450 3288 485 3342 de
509 3287 634 3342 Domino
657 3306 709 3343 suo
732 3288 785 3343 sed
807 3299 971 3365 agnoscant
992 3307 1023 3344 se
1044 3290 1173 3345 membra
1198 3290 1337 3365 incapite

347 3393 409 3431 suo.
438 3374 496 3440 Qui
524 3385 655 3429 mortuus
679 3385 721 3429 est
740 3393 798 3448 pro
823 3375 912 3441 nobis,
936 3376 1069 3431 turbatus
1095 3387 1138 3431 est
1166 3376 1242 3432 idem
1275 3377 1337 3452 ipse

346 3479 403 3537 pro
420 3461 508 3517 nobis.
539 3461 596 3528 Qui
619 3479 692 3538 crgo
712 3473 858 3536 potestate
878 3474 1011 3518 mortuus
1031 3473 1083 3534 est,
1103 3473 1249 3538 potestate
1272 3476 1335 3520 tur-

348 3549 431 3603 batus
463 3560 517 3604 est:
552 3548 601 3621 qui
627 3547 854 3625 transfiguravit
891 3568 998 3624 corpus
1033 3550 1205 3606 humilitatis
1238 3562 1337 3608 nostre
1349 3554 1380 3606 35

348 3635 500 3708 conforme
524 3635 645 3710 corpori
667 3635 784 3691 ecclesie
806 3655 866 3707 sne,
891 3636 1119 3714 transfiguravit
1142 3637 1222 3694 inse
1245 3638 1336 3694 eciam

350 3723 483 3796 affectum
501 3721 678 3798 infirmitatis
694 3733 803 3790 nostre,
824 3724 1004 3799 compaciens
1024 3724 1105 3779 nobis
1121 3725 1225 3798 affectu
1241 3725 1338 3781 anime

349 3827 407 3863 sue.
433 3810 560 3864 Proinde
582 3808 697 3884 quando
721 3810 857 3864 turbatur
881 3829 1017 3887 irruguus,
1044 3811 1150 3885 sortis,
1174 3821 1270 3867 certus
1294 3811 1336 3866 in·

351 3894 451 3965 nictus,
477 3915 531 3949 mm
556 3896 582 3950 ei
602 3895 754 3951 timeamus
778 3897 860 3971 quasi
882 3897 1006 3973 deficiat,
1033 3916 1088 3953 non
1108 3897 1187 3972 perit
1209 3899 1262 3954 sed
1285 3917 1337 3954 nos

403 4163 436 4206 28.
452 4169 485 4208 A:
499 4167 604 4221 ponendi
617 4166 688 4208 deest.
768 4165 857 4222 lib-39.
873 4168 902 4210 B:
918 4169 1006 4211 uinctus
1020 4181 1068 4211 uon
1084 4169 1114 4212 ei.
1132 4170 1166 4213 A:
1181 4169 1283 4213 vinerus.

408 4291 645 4354 11..toh.vt,71.
754 4308 794 4341 ετ.
812 4294 871 4342 ioh.
890 4294 945 4354 Xll,
966 4309 1006 4357 27.
1107 4294 1336 4352 28.toh.x,18.

353 4361 392 4411 35.
413 4359 479 4408 Phil.
499 4362 539 4422 lli,
560 4377 600 4409 21.
