3030 5130
573 539 696 588 oratus
715 538 926 588 Evlnoerrcr
948 539 1010 588 ira.
1031 539 1073 587 iv,
1161 520 1244 603 [cae
1264 534 1321 578 xrn

339 699 398 754 Sed
423 698 471 755 hic
494 712 614 772 oportet
632 717 815 772 cognoscere
832 701 912 773 quod
931 701 1061 773 quedam
1087 712 1131 755 est
1154 698 1185 754 in
1203 697 1322 755 Christo

340 784 452 841 noticia
477 785 729 860 experimentalis,
763 804 821 861 que
845 805 912 843 cum
938 786 975 842 sit
1000 784 1123 842 relativa
1151 784 1322 859 adquiritur

341 885 368 927 et
392 871 530 946 perditur
554 892 609 946 pro
633 887 771 947 tempore
795 873 840 929 vie
858 872 981 944 Christi,
1006 872 1084 930 sicut
1108 873 1166 929 alie
1192 874 1322 928 humane

340 958 460 1029 noticie,
494 972 522 1016 et
551 960 592 1016 ita
617 961 754 1016 Christus
777 962 900 1034 quando
924 959 998 1016 vidit
1022 958 1161 1016 Scariotlr
1196 961 1234 1015 ab
1259 959 1323 1033 ipso

340 1048 479 1102 recedere
497 1049 534 1103 ad
553 1046 650 1121 ipsum
670 1049 860 1122 prodendum
878 1046 1074 1122 pontificibus
1096 1060 1124 1103 et
1140 1048 1345 1110 tradendum5

340 1133 568 1190 crucifixoribus
592 1134 648 1189 luit
665 1135 808 1191 nimirum
827 1134 1002 1191 humanitus
1019 1136 1222 1208 perturbatus.
1248 1135 1322 1189 Cum

341 1233 440 1276 autem
460 1220 604 1277 divinitus
627 1220 685 1277 sint
703 1236 811 1278 cuncta
832 1220 836 1300 l
858 1240 915 1297 que
940 1222 1060 1278 luerunt
1084 1223 1129 1277 vel
1154 1233 1243 1277 erunt
1268 1220 1323 1276 sibi
1352 1231 1402 1296 436¹

340 1308 493 1380 presencia
520 1321 548 1364 et
580 1327 641 1364 non
666 1323 765 1382 potest
788 1311 953 1366 secundum
984 1307 1172 1365 divinitatem
1198 1307 1323 1377 turbari,

341 1414 402 1450 non
420 1395 529 1452 mirum
547 1394 571 1451 si
589 1415 650 1452 non
667 1396 841 1453 eternaliter
857 1396 894 1452 sit
911 1398 1060 1467 turbatus,
1085 1397 1209 1470 quando
1226 1395 1321 1452 eciam

341 1481 475 1538 intuetur
498 1483 527 1538 in
560 1484 652 1540 verbo
677 1485 721 1540 vel
745 1483 858 1541 noticia
882 1482 1066 1557 imperdibili
1099 1502 1155 1557 pro
1179 1503 1234 1540 suo
1258 1501 1363 1558 per-10

340 1583 443 1643 petuo,
477 1574 632 1644 quomodo
665 1583 708 1627 est
732 1590 787 1645 pro
810 1590 865 1626 suo
889 1584 1027 1646 tempore
1051 1570 1220 1641 crucifixus,
1253 1568 1323 1645 quia

341 1670 442 1713 tamen
467 1676 528 1713 non
554 1672 597 1714 est
614 1657 775 1715 crucifixus
799 1659 844 1714 vel
861 1658 1082 1732 crucifigendus
1107 1677 1163 1734 pro
1188 1671 1324 1731 tempore

340 1744 473 1818 quolibet
492 1745 635 1818 preterito
652 1746 697 1802 vel
722 1745 833 1814 futuro,
858 1765 919 1802 non
944 1745 1053 1801 mirum
1080 1744 1104 1801 si
1128 1764 1189 1801 non
1204 1762 1324 1819 semper

340 1832 386 1887 rel
410 1850 478 1887 cunr
504 1851 558 1889 sua
582 1832 769 1890 beatitudine
794 1832 832 1889 sit
856 1835 1003 1890 turbatus.
1038 1834 1075 1888 Et
1099 1833 1205 1889 eodem
1233 1833 1325 1889 modo

340 1917 452 1975 dicitur
470 1920 506 1975 de
524 1920 828 1977 denominacionibus
844 1921 1013 1978 beatorum.
1038 1920 1116 1976 Vera
1141 1918 1233 1992 igitur
1256 1932 1324 1976 sunt
1338 1921 1363 1972 ri

340 2008 429 2062 verba
454 2006 625 2079 evangelica
649 2007 729 2064 dicta
759 2010 796 2064 de
820 2007 951 2067 Christo.
990 2009 1050 2064 Nec
1075 2020 1175 2081 potest
1200 2005 1325 2064 scolaris

341 2092 453 2149 diaboli
492 2093 557 2167 ipsa
589 2096 754 2152 secundum
795 2094 948 2151 racionem
982 2095 1027 2150 vel
1060 2093 1150 2150 fidem
1175 2092 1325 2168 scripture

342 2179 483 2237 vivaciter
507 2180 697 2257 impugnare,
727 2183 777 2238 sed
803 2181 890 2239 facile
914 2194 957 2237 est
982 2180 1122 2237 subtilem
1148 2181 1324 2255 theologum

342 2281 518 2324 noscentem
552 2269 700 2343 scripture
732 2268 861 2343 logicam
896 2269 1002 2325 tollere
1035 2286 1142 2324 omnes
1173 2266 1325 2325 versucias

342 2354 528 2412 Antichristi.
1336 2372 1367 2407 πο

139 2447 184 2492 We
200 2449 255 2492 need
273 2456 314 2491 not
386 2445 484 2498 Unum
511 2456 613 2499 tamen
631 2454 724 2499 testor
748 2443 922 2516 theologum
949 2441 1000 2516 qui
1024 2443 1087 2500 vult
1110 2455 1213 2498 tenere
1237 2459 1325 2516 gene·

130 2501 321 2597 bespprppptepveto
343 2529 446 2586 raliter
481 2530 568 2586 istam
603 2529 722 2586 fidelem
757 2529 941 2586 sentenciam
967 2531 1003 2585 de
1027 2528 1152 2585 veritate
1176 2529 1326 2603 scripture

124 2602 330 2701 give'plpdppmion
342 2618 424 2690 quod
449 2616 562 2690 obligat
591 2635 622 2673 se
651 2619 689 2673 ad
712 2618 888 2673 solvendum
920 2617 1031 2673 multas
1056 2614 1234 2672 Antichristi
1262 2634 1327 2672 ver-

158 2712 295 2754 correction.
343 2703 441 2760 sucias
466 2718 494 2760 et
523 2723 643 2761 sensum
678 2704 859 2760 catholicum
894 2703 1041 2778 scripture
1073 2702 1257 2777 generaliter
1280 2721 1328 2759 ex-

342 2793 533 2865 ponendum3
558 2805 585 2847 et
608 2790 679 2865 quia
703 2793 760 2847 hoc
784 2810 844 2847 non
869 2804 912 2847 est
936 2809 1012 2866 opus
1043 2789 1158 2847 iuvenis
1181 2790 1228 2847 vel
1251 2803 1368 2865 opus25

343 2878 431 2934 unius
464 2878 533 2946 diei,
566 2877 663 2934 fidelis
695 2879 853 2952 theologus
885 2897 945 2934 non
978 2880 1200 2935 verecundatur
1228 2876 1327 2934 dicere

343 2966 443 3039 quoad
475 2964 525 3021 illa
550 2984 608 3039 que
631 2983 693 3021 non
717 2965 804 3039 plene
828 2966 983 3022 studuerat
1006 2967 1088 3039 quod
1112 2965 1247 3021 nondum
1273 2965 1328 3021 hec

343 3051 457 3109 studuit
489 3054 541 3109 sed
575 3053 656 3109 salva
681 3052 874 3109 correccione
897 3070 1002 3108 sensus
1026 3070 1131 3109 eorum
1156 3051 1199 3109 sic
1223 3051 1328 3108 condi·

343 3139 502 3196 cionaliter
525 3153 650 3213 possunt
674 3139 750 3213 capi.
785 3139 860 3210 Quis
889 3152 989 3196 autem
1022 3139 1120 3196 viator
1143 3139 1328 3196 verecunda-

344 3241 426 3283 retur
449 3245 534 3283 suam
553 3225 759 3300 ignoranciam
778 3227 824 3282 vel
849 3240 909 3283 tam
936 3227 1028 3282 altam
1053 3225 1239 3282 sentenciam
1265 3244 1326 3281 non
1339 3241 1370 3289 30

345 3313 596 3370 condicionaliter
621 3313 801 3371 testaretur?

722 3572 824 3634 CAP.
848 3570 949 3633 XIII.

387 3715 531 3790 Sequitur
567 3715 595 3770 in
620 3728 700 3770 textu
725 3714 884 3788 evangelii:
918 3713 1102 3789 Aspiciebant
1124 3732 1199 3791 ergo
1222 3716 1263 3769 ad
1285 3715 1328 3770 irr-

344 3804 433 3858 vieem
466 3802 608 3877 discipuli,
642 3803 797 3857 hesitantes
835 3803 870 3855 de
902 3820 957 3876 quo
990 3801 1109 3857 diceret.
1143 3800 1220 3856 Erat
1254 3819 1329 3878 ergo

344 3891 511 3946 recumbens
534 3908 606 3944 uirus
630 3906 669 3945 ea·
692 3888 840 3963 discipulis
864 3888 924 3944 eius
947 3888 975 3944 in
995 3889 1058 3944 sinu
1073 3888 1140 3944 lesu
1163 3906 1247 3964 quem
1265 3888 1330 3943 dili·
1341 3901 1370 3951 35

342 3979 429 4053 gebat
451 3977 544 4033 lesus.
578 3977 671 4031 Irrirrrir
706 3994 779 4054 ergo
807 3975 872 4030 huic
896 3976 995 4031 Simon
1019 3976 1125 4032 Petrus
1146 3986 1175 4031 et
1198 3975 1267 4030 dicit
1289 3976 1331 4032 ei:

347 4064 419 4130 Quis
443 4075 484 4119 est
509 4065 544 4119 de
567 4082 621 4137 quo
645 4063 736 4118 dicit?
759 4063 857 4137 Itaque
880 4081 943 4117 cum
970 4062 1147 4119 recubuisset
1166 4062 1216 4118 ille
1238 4080 1330 4137 supra

395 4356 431 4393 ui.
448 4347 480 4385 A:
496 4348 519 4385 et
531 4343 656 4385 secundum
672 4343 819 4385 catholicum.

395 4470 435 4520 33.
454 4468 513 4517 Julr.
533 4470 595 4527 Xlll,
617 4483 718 4533 21—27
