3098 5130
578 460 701 508 ‹rr‘uuis
721 461 930 509 uvnuournu
954 462 1016 509 tetis.
1036 462 1077 509 ιν.
1201 444 1283 525 [cur.
1299 457 1325 499 x.

383 620 441 674 s'et
472 620 666 675 hereticorum
707 622 835 695 refutata
873 621 1037 696 calumpnia
1075 639 1198 695 quonam
1239 622 1326 677 modo

339 725 390 761 uos
413 707 564 781 accepturi
591 726 691 763 sumus
715 710 766 763 lree
791 708 933 763 dominica
959 708 1063 763 rerba:
1090 708 1149 776 Qui
1169 708 1273 783 accipit
1300 708 1328 762 si

338 812 420 868 quem
444 794 551 849 misero
581 812 626 849 me
657 795 771 870 accipit.
810 795 868 862 Qui
889 805 984 849 autem
1014 812 1059 850 me
1085 795 1190 870 accipit
1221 795 1326 870 accipit

338 899 401 936 eum
426 881 475 955 qui
501 899 546 936 me
575 881 661 937 misit.
691 883 724 935 Si
750 882 825 937 enim
855 881 1034 938 uoluerimus
1057 881 1232 959 intelligere,
1261 882 1326 938 ideo

338 967 461 1023 dietum:
488 969 547 1035 Qui
577 987 622 1024 me
645 969 748 1044 accipit
776 969 881 1044 accipit
912 988 976 1025 eum
1001 968 1050 1042 qui
1071 987 1116 1025 me
1139 969 1225 1040 misit,
1249 969 1351 1044 quodi

338 1055 421 1110 unius
454 1065 557 1111 nature
588 1056 644 1111 sint
668 1056 758 1111 Pater
790 1068 817 1111 et
839 1056 942 1127 Filius,
976 1074 1149 1130 consequens
1182 1056 1327 1111 videbitur

338 1159 376 1196 ex
399 1143 555 1198 eorundem
587 1143 742 1198 verborum
761 1144 866 1220 regula
891 1161 945 1218 qua
968 1143 1075 1199 dictum
1100 1154 1142 1199 est
1158 1143 1207 1219 qui
1222 1143 1326 1218 accipit

337 1229 364 1283 si
386 1247 468 1302 quem
493 1229 599 1285 misero
624 1247 669 1284 me
695 1230 800 1306 accipit
824 1241 854 1286 ut
877 1231 960 1286 unius
983 1240 1088 1286 nature
1115 1230 1152 1286 sit
1174 1229 1269 1286 Filius
1299 1240 1327 1285 et

338 1316 496 1391 apostolus.
530 1317 631 1372 Posset
658 1317 771 1391 quidem
796 1329 822 1372 et
846 1319 899 1374 lioc
928 1336 983 1374 non
1016 1317 1248 1373 inconvenienter
1282 1317 1325 1371 iu-

337 1403 440 1480 attigi,
464 1403 599 1478 quoniam
623 1404 740 1481 gemine
761 1415 804 1460 est
829 1405 921 1483 gigas
943 1404 992 1461 ille
1017 1404 1181 1461 snbstaneie
1202 1403 1251 1479 qui
1272 1421 1325 1459 ex·
1340 1430 1370 1464 ιο

338 1491 443 1546 ultavit
473 1491 513 1545 ad
535 1491 713 1547 currendum
740 1491 832 1547 viam:
870 1492 992 1548 Verbum
1018 1492 1091 1546 enim
1116 1509 1186 1547 caro
1203 1491 1323 1566 sactum

338 1588 389 1648 est,
414 1578 468 1633 hoe
492 1589 543 1648 est,
567 1578 648 1634 Deus
672 1579 757 1634 homo
781 1580 887 1655 sactus
919 1591 970 1635 est.
995 1579 1124 1634 Proinde
1151 1579 1190 1633 ita
1214 1577 1326 1634 dixisse

334 1675 433 1740 posset
457 1665 565 1720 videri.-
602 1665 659 1733 Qui
682 1666 787 1741 accipit
809 1667 836 1723 si
857 1684 939 1740 quem
965 1666 1072 1722 inisero
1095 1684 1140 1722 me
1167 1666 1325 1722 secundum

338 1751 480 1806 hominem
505 1752 624 1828 accipit:
652 1753 711 1820 Qui
733 1764 829 1808 aretem
855 1772 901 1808 me
922 1753 1077 1809 seeundum
1103 1753 1198 1809 Deum
1222 1752 1327 1828 accipit

338 1838 442 1913 accipit
475 1856 537 1894 eum
570 1838 619 1914 qni
651 1858 696 1895 me
733 1840 819 1896 misit.
854 1841 913 1896 Sed
945 1859 1008 1896 cum
1033 1841 1088 1896 ista
1121 1839 1241 1903 dicebat,
1269 1850 1368 1899 nonii

338 1924 447 1980 abillo
472 1936 575 1981 nature
608 1927 701 1983 unitas
732 1927 785 1982 sed
816 1928 843 1983 in
867 1927 917 1983 illo
952 1927 1001 2002 qui
1031 1927 1157 1982 mittitur
1188 1927 1327 1982 rrrittentis

338 2012 595 2068 commendabatur
632 2014 800 2070 auctoritas.
835 2016 882 2070 Sic
920 2015 1015 2090 itaque
1042 2018 1232 2089 unnsquisque
1262 2031 1326 2069 eum

338 2099 387 2173 qui
408 2110 451 2156 est
474 2099 579 2155 missus
602 2100 726 2176 accipiat
744 2114 773 2157 ut
797 2103 824 2156 iu
849 2102 900 2157 illo
924 2119 987 2156 eum
1012 2102 1061 2176 qui
1083 2101 1159 2157 misit
1183 2101 1323 2158 attendat.

338 2187 371 2242 Si
393 2205 466 2264 ergo
499 2188 633 2243 attendas
661 2189 807 2244 Christum
841 2190 868 2244 in
902 2189 1000 2257 Petro,
1034 2188 1159 2245 inuenies
1192 2188 1328 2263 discipuli

335 2284 549 2349 preceptorem,
572 2274 599 2330 si
620 2285 715 2330 autem
739 2277 873 2332 attendas
894 2276 1012 2331 Patrem
1037 2276 1064 2330 iu
1089 2275 1176 2344 Filio,
1200 2275 1326 2333 invenies
1338 2300 1370 2334 20

339 2361 481 2438 unigeniti
501 2361 681 2439 genitorum
708 2381 742 2418 ac
764 2363 790 2419 si
812 2364 838 2418 in
863 2382 895 2419 eo
919 2363 968 2437 qui
990 2363 1095 2419 missus
1118 2373 1160 2418 est
1182 2362 1243 2418 sine
1265 2362 1326 2418 ullo

338 2465 442 2503 errore
464 2448 571 2524 accipis
596 2449 762 2509 mittentem.
794 2450 841 2505 Ea
864 2469 918 2525 que
940 2461 1099 2525 sequnntur
1122 2450 1149 2504 in
1173 2449 1324 2527 euangelio

338 2554 393 2591 non
421 2545 487 2590 sunt
515 2536 656 2608 temporis
683 2537 824 2593 brevitate
852 2537 1023 2594 coartanda.
1060 2537 1098 2592 Et
1132 2537 1195 2592 ideo
1226 2554 1323 2592 sermo

338 2623 392 2678 iste
423 2622 570 2678 carissimi
601 2624 678 2677 velut
712 2624 807 2678 ovium
841 2635 1010 2680 sanctarum
1049 2624 1128 2679 cibus
1159 2623 1185 2678 si
1215 2623 1325 2701 sufficit

337 2709 496 2764 salubriter
512 2711 662 2785 capiatur:
678 2711 704 2765 si
717 2711 843 2788 exiguus
854 2724 896 2768 est
906 2710 1139 2767 desiderabiliter
1150 2709 1322 2768 ruminetur.
1335 2721 1366 2770 25

339 2798 400 2853 Hec
424 2796 618 2870 Augustinus.

153 2892 290 2937 tricarim
381 2886 536 2953 Quantum
580 2887 616 2940 ad
657 2883 744 2941 istam
790 2883 916 2941 heresim
958 2884 1117 2941 Arrianam
1159 2898 1322 2960 ponentem

130 2946 224 3057 ἀῗὲζξῖζζ
238 2953 313 3041 ffiifi'c
337 2972 448 3044 gradus
472 2971 549 3027 inter
573 2985 689 3045 patrem
716 2970 855 3028 etlilium
882 2986 910 3028 et
934 2971 1080 3046 Spiritum
1102 2974 1258 3043 Sanctum,
1282 2971 1324 3030 sic

120 3049 246 3146 humeln?
260 3057 283 3094 ⁸1
297 3064 324 3094 ³¹¹
337 3060 419 3131 quod
458 3057 521 3131 ipse
555 3058 614 3114 sint
652 3073 712 3115 tres
735 3059 916 3135 substancia,
948 3059 990 3115 sic
1015 3061 1096 3133 quod
1129 3060 1192 3115 sola
1226 3058 1323 3133 prima

336 3145 509 3202 substancia
542 3145 579 3201 sit
603 3164 689 3202 verus
714 3148 794 3202 Deus
829 3164 918 3220 quem
945 3146 1081 3202 dixerant
1106 3164 1170 3202 esse
1194 3159 1368 3220 patrem‚3‹›

336 3233 469 3288 secunda
501 3251 571 3289 vero
595 3232 767 3289 substancia
791 3232 829 3289 sit
847 3235 927 3289 Deus
952 3233 1029 3289 lilius
1055 3232 1153 3289 minor
1170 3247 1265 3307 patre,
1295 3248 1323 3290 et

337 3318 430 3375 tercia
454 3319 628 3377 substancia
655 3321 692 3376 sit
716 3320 846 3394 Spiritus
870 3322 1000 3377 Sanctus
1024 3335 1052 3376 et
1076 3338 1136 3377 non
1154 3323 1244 3383 Deus.
1266 3320 1323 3378 nisi

337 3406 491 3484 equivoce,
515 3409 552 3465 ab
577 3407 632 3465 ista
664 3407 785 3482 quidem
813 3408 909 3464 heresi
943 3421 986 3464 est
1010 3407 1173 3464 christiana
1197 3408 1323 3465 ecclesia

337 3497 429 3551 modo
453 3495 614 3552 verbaliter
637 3495 781 3569 quietata,
812 3514 879 3551 cum
906 3495 1046 3552 concedit
1071 3495 1224 3552 Christum
1258 3514 1323 3552 esse

337 3581 487 3655 duplicem
513 3582 731 3658 substanciam,
755 3581 942 3639 divinitatem
967 3581 1083 3639 scilicet
1100 3596 1128 3639 et
1149 3582 1365 3643 humaniter-35

337 3683 397 3725 tem
415 3683 443 3725 et
460 3671 626 3726 secundum
645 3669 830 3727 divinitatem
857 3689 921 3726 esse
946 3689 1014 3726 cum
1039 3684 1124 3744 patre
1150 3683 1178 3725 et
1206 3669 1322 3744 Spiritu

336 3758 449 3813 Sancto
473 3759 598 3813 eandem
625 3757 826 3813 substanciam
858 3756 1113 3831 simplicissimam
1144 3755 1321 3825 increatam,

337 3864 403 3900 cum
446 3843 496 3900 illa
534 3843 708 3901 substancia
746 3845 783 3900 sit
808 3864 926 3901 summa
961 3864 1007 3901 res
1045 3858 1072 3900 et
1106 3857 1170 3900 tota
1202 3843 1322 3901 trinitas

337 3950 545 4005 personarum.

390 4235 418 4273 ¹7·
434 4224 466 4264 A:
482 4221 529 4263 Sed
542 4221 628 4275 utique¹
697 4233 729 4273 27,
746 4222 765 4262 A
782 4222 803 4261 iu
821 4232 905 4269 risurus
920 4220 1046 4262 ,lemannus
1114 4230 1149 4272 eu.
1166 4219 1195 4261 u:
1210 4219 1254 4262 late
1267 4219 1320 4262 siut.

336 4274 371 4325 34.
388 4277 421 4316 A:
438 4276 554 4317 Clrristmn
570 4277 610 4316 est.
678 4273 711 4326 37.
727 4273 755 4314 lt:
770 4272 938 4325 sirupliciurum.

394 4417 430 4448 ιι.
451 4402 544 4449 Psalru.
566 4401 653 4461 XVlll,
672 4399 700 4460 l'1;
719 4399 777 4448 ioli.
799 4400 815 4458 l,
840 4415 875 4462 ¹4·
