3098 5130
172 498 239 542 cue.
255 483 372 566 xxxm]
455 501 500 551 ms
520 501 757 551 Annicnnis‘ro
777 501 840 550 isin.
861 501 878 549 1.

171 664 367 740 gentessacte
383 672 449 717 sunt
469 661 654 739 principatus
675 661 842 737 principum
867 662 1076 739 malignorum,
1103 683 1160 719 mm

171 762 267 806 autem
290 768 364 828 gens
386 750 438 806 sub
459 749 626 824 principatu
650 749 816 819 Michaelis,
840 749 881 805 sic
904 761 930 805 et
954 768 1052 806 omnes
1072 752 1159 806 modo

171 839 286 894 hereses
305 839 391 912 facte
413 848 480 893 sunt
506 837 558 893 sub
587 834 741 895 demonum
767 837 944 913 principatu,
974 856 1029 893 una
1062 849 1158 894 autem

169 925 221 980 sub
233 925 402 1001 principatu
418 924 531 980 Christi
545 925 755 999 remansitque
771 923 839 979 dicit
851 936 976 1000 propter
991 925 1160 982 eeclesiam:

145 1013 234 1072 §Una
260 1024 303 1068 est
327 1013 460 1068 columba
484 1030 558 1082 mea,
580 1012 715 1088 perfecta
741 1030 813 1066 mea.

212 1100 252 1156 Et
275 1111 342 1156 tnnc
370 1099 649 1179 scandalizabuntur
672 1099 757 1154 rirtilti
782 1110 809 1155 et
837 1098 957 1154 invicem
986 1100 1105 1155 tradent
1133 1112 1159 1157 et

169 1187 235 1242 odio
268 1187 411 1243 habebunt
445 1187 576 1242 inuicem.
611 1186 713 1242 Eciam
743 1204 782 1242 ex
809 1185 853 1241 his
877 1185 973 1241 verbis
997 1188 1160 1243 ostenditur

168 1275 313 1349 quomodo
345 1274 391 1331 hic
424 1293 479 1329 non
513 1274 649 1330 dicuntur
678 1274 713 1329 de
740 1271 919 1348 temporibus
946 1275 1158 1349 apostolorum,

169 1362 305 1436 quamdiu
327 1362 491 1418 Jerusalem
507 1362 616 1436 suerat
639 1361 792 1437 capienda,
821 1360 955 1435 quoniam
985 1372 1051 1417 tuuc
1070 1363 1161 1437 pauci

129 1449 456 1530 ioscandalipabantum
480 1460 506 1505 et
525 1450 615 1523 pauci
637 1448 791 1505 christiani
810 1447 930 1503 invicem
947 1466 978 1503 se
993 1449 1158 1521 tradebant,

167 1537 233 1613 quia
257 1555 308 1594 nee
324 1537 458 1592 odiebant
481 1536 612 1606 inuicem,
635 1536 689 1593 sed
704 1546 769 1591 erat
792 1535 920 1592 omnium
944 1554 997 1591 eor
1020 1555 1106 1591 turrium
1131 1549 1159 1593 et

168 1624 265 1679 anima
289 1642 360 1679 una:
391 1625 444 1680 sed
467 1625 503 1680 de
526 1624 635 1680 nostris
659 1623 736 1689 dicit,
769 1623 797 1677 in
825 1622 928 1699 quibus
949 1623 1052 1698 plures
1074 1642 1157 1680 scan-

169 1711 290 1791 dalipati
315 1722 382 1768 sunt
410 1723 437 1767 et
464 1712 706 1792 scandalizantur
733 1729 749 1765 a
766 1710 833 1786 fide
861 1711 958 1787 magis
981 1728 1066 1785 quam
1091 1730 1157 1767 con-

172 1798 336 1874 firmentur
367 1799 483 1875 infide.
524 1800 609 1854 Nunc
640 1799 817 1854 alterutrum
850 1808 877 1852 et
909 1799 1098 1854 tradiderunt
1131 1811 1158 1855 et

129 1887 288 1942 :Stradunt
312 1887 456 1961 quomodo
479 1897 506 1941 et
530 1886 630 1942 odiunt
658 1905 689 1942 se
717 1885 904 1957 alterutrum,
937 1885 976 1940 ita
1001 1898 1032 1941 ut
1056 1904 1105 1942 nee
1129 1887 1157 1941 in

168 1974 279 2029 duobus
300 1974 444 2030 sinceram
469 1974 598 2030 invenias
621 1973 783 2041 caritatem,
809 1991 864 2028 uon
881 1973 975 2028 dicam
993 1973 1020 2028 in
1046 1973 1156 2030 multis.

211 2060 251 2115 Et
274 2061 359 2117 multi
379 2061 632 2136 pseudoprophete
653 2071 817 2137 exsurgent
840 2071 867 2115 et
887 2060 1024 2116 seducent
1040 2062 1155 2119 multos.
1175 2082 1241 2125 false
1257 2083 1370 2136 ,sophus

168 2147 314 2223 Prophete
337 2148 483 2217 dicuntur,
512 2167 568 2203 non
590 2148 684 2204 solnm
709 2147 774 2222 quin
799 2147 834 2201 de
860 2146 977 2203 Christo
1001 2149 1157 2204 annuncia·
1177 2136 1366 2230 ,ossffinffisn‘gut

167 2247 270 2290 nerunt
293 2253 344 2291 nec
372 2235 487 2291 omnino
514 2236 580 2310 quia
596 2237 705 2310 jutura
736 2235 902 2307 loquuntur,
936 2235 988 2290 sed
1011 2235 1155 2306 doctores,
1205 2221 1335 2294 plesche-is.

124 2344 155 2377 20
166 2321 234 2377 dicit
257 2323 424 2397 Apostolus,
454 2323 596 2398 prophete
629 2324 685 2377 dico
718 2333 767 2376 aut
796 2332 856 2375 tres
889 2321 986 2376 dicant
1014 2334 1040 2376 et
1068 2323 1158 2378 ceteri

166 2412 339 2468 examinent.
374 2409 460 2487 Ergo
489 2410 772 2485 pseudoprophetas,
803 2409 1054 2483 pseudodoctores
1088 2410 1156 2465 dicit

165 2496 298 2552 heresum
324 2497 519 2568 diversarum,
543 2509 593 2552 aut
609 2497 674 2553 illos
695 2514 765 2571 quos
782 2497 867 2550 modo
885 2495 1015 2551 videmus
1033 2496 1156 2552 dirersis

165 2584 349 2661 argumentis
381 2584 533 2661 religionis
564 2584 688 2659 speciem
720 2583 931 2658 pretendentes.
968 2583 1028 2637 Alii
1058 2594 1154 2638 autem

165 2689 195 2725 se
218 2671 317 2726 dicunt
344 2689 434 2746 neque
463 2672 643 2728 ricareducare
671 2689 760 2746 neque
784 2670 917 2726 dormire
940 2688 1029 2745 neque
1051 2670 1156 2748 algere

125 2765 253 2832 25neqne
285 2769 401 2814 estuare
427 2759 479 2813 sed
507 2777 622 2834 semper
646 2759 775 2833 pendere
798 2757 825 2812 in
855 2776 931 2813 aere.
972 2758 1032 2813 Alii
1058 2770 1153 2814 autem

167 2845 261 2900 vestiti
297 2845 407 2911 ciliciis,
447 2845 623 2901 circumdati
664 2845 771 2902 catenis
808 2844 887 2901 socia
929 2845 984 2899 sibi
1021 2845 1153 2901 demonia

166 2944 377 2988 commoventes
400 2944 427 2988 et
451 2933 515 3006 qtcia
539 2932 677 3009 graciam
702 2931 760 2988 Dei
783 2951 837 2987 non
867 2932 971 2988 habent
990 2933 1154 3008 patrocinio

166 3019 318 3075 demonum
342 3020 593 3078 commendantur.
617 3020 675 3075 Sed
691 3020 742 3075 hee
758 3019 828 3074 talia
852 3038 970 3074 rursum
987 3031 1052 3075 sunt
1068 3021 1154 3098 signa

166 3118 191 3161 et
207 3107 367 3162 insensatos
372 3108 505 3182 sallunt;
512 3126 566 3182 per
582 3107 633 3162 hec
646 3118 740 3162 tamen
752 3106 990 3162 nonseducuntur
1000 3108 1151 3183 sapientes.

124 3202 155 3250 30
166 3194 224 3248 Alii
245 3205 340 3250 antem
364 3206 430 3249 sunt
454 3195 502 3268 qui
525 3194 708 3250 vehementer
732 3193 806 3249 alios
837 3195 988 3265 seducunt,
1020 3196 1153 3270 quoniam

166 3282 218 3336 etsi
240 3281 428 3352 mendaciter,
453 3293 548 3336 tarnen
578 3281 725 3337 Christum
746 3280 909 3355 predicant,
924 3280 1018 3356 fidem
1044 3302 1154 3338 annun-

165 3368 250 3438 ciant,
272 3369 415 3443 quomodo
430 3368 473 3424 sic
488 3368 624 3424 ecclesias
648 3369 752 3423 habent
768 3377 818 3422 aut
832 3368 950 3425 ordines
970 3369 1153 3437 clericorum,

165 3455 206 3511 sic
235 3456 324 3531 fides,
356 3456 398 3511 sie
437 3455 576 3512 lecciones
608 3455 732 3526 divinas,
772 3455 872 3510 eadem
914 3456 1049 3512 uidentur
1082 3459 1155 3513 dare

166 3543 350 3617 baptismata,
395 3543 496 3598 eadem
539 3553 723 3599 sacramenta
767 3542 900 3617 corporis
938 3553 964 3598 et
1002 3545 1154 3620 sanguinis

124 3630 301 3700 lbDomini,·
323 3630 460 3685 similiter
482 3630 630 3705 apostolos
654 3642 680 3685 et
704 3639 858 3702 martures
881 3630 985 3685 colunt.
1021 3630 1079 3686 Per
1102 3632 1153 3686 hec

165 3734 238 3794 ergo
262 3717 348 3773 ualde
371 3717 568 3773 tenebrescere
582 3717 701 3791 saeiunt
725 3727 833 3772 mentes
850 3735 904 3772 non
927 3716 1019 3772 solum
1045 3719 1153 3773 medio-

166 3804 257 3859 crium
280 3805 425 3860 hominmn
447 3805 499 3860 sed
520 3805 609 3860 eciam
627 3804 830 3880 prudencium.
856 3805 918 3860 Hec
940 3803 1151 3868 crisostomus,

217 4117 294 4172 1214.
314 4120 343 4161 h:
359 4131 426 4173 quam
445 4119 589 4181 conjirmati,
613 4121 748 4181 A³f¹std4
811 4132 892 4174 19,ao.
907 4123 944 4164 A:
969 4121 1153 4163 doctoreruude

165 4172 292 4225 apostolus.
360 4170 392 4215 23.
408 4173 442 4214 A:
458 4174 713 4226 religionisspecterm
736 4173 766 4233 ib.
787 4175 823 4215 A:
845 4172 876 4214 Et
888 4173 939 4233 alil.
1003 4172 1034 4215 25.
1055 4171 1084 4214 B:
1096 4185 1152 4227 per-

161 4224 667 4319 tshf‘suhh?m‘r‘tt'fht‘uth
682 4224 1151 4333 biri-§llhdeffi‘llblff'lh'lh'lhe‘h

221 4436 243 4486 5.
262 4437 336 4485 Cant.
356 4437 399 4498 Vl,
418 4435 441 4485 8.
500 4451 536 4486 12.
558 4439 613 4486 Act.
634 4437 676 4498 lV,
697 4439 738 4489 32.
797 4437 873 4487 20.1.
893 4437 952 4487 Cor.
970 4436 1038 4498 XIV,
1058 4451 1099 4504 29.
