3098 5130
173 469 240 517 cse-
257 457 353 545 xnus]
448 476 492 529 oo
511 477 749 530 susicnussso
771 478 834 530 ΗΒ.
854 481 871 529 1.

167 640 389 714 precedencium
423 650 544 715 peccata
574 651 713 697 venerunt
739 659 829 717 super
856 659 914 712 eos,
942 641 996 697 sed
1032 642 1158 698 omniurn

167 739 289 804 peccata
313 727 469 803 impiorum
493 739 604 784 tanturn
643 729 715 784 mali
737 746 792 785 non
816 738 986 784 meruerunt
1020 741 1158 804 quantum

172 816 247 871 venit
268 834 358 891 super
380 815 456 885 illos,
481 826 511 870 ut
534 816 605 872 talia
626 826 810 892 paterentur,
836 815 932 890 qualia
953 816 1037 891 passi
1058 827 1125 873 sunt
1141 836 1159 872 a

170 903 322 975 Romanis,
350 913 376 959 et
402 903 444 960 sie
468 905 655 979 postmodum
695 921 794 960 omnes
825 903 1029 980 generationes
1057 922 1158 960 eorum

146 992 258 1066 iusque
289 991 317 1046 in
335 991 429 1066 finem
452 991 543 1048 seculi
561 991 767 1066 proicerentur
797 1008 814 1045 a
843 990 907 1047 Deo
938 1001 966 1046 et
1000 991 1157 1047 ludibrium

171 1078 272 1136 tierent
294 1078 429 1155 gentibus
453 1078 596 1134 universis
618 1078 692 1134 sicut
716 1088 742 1135 et
764 1087 840 1139 sunt.

221 1167 271 1222 Vel
294 1166 347 1222 ita:
385 1165 485 1221 Omnis
511 1184 585 1243 gens
612 1167 658 1221 vel
685 1165 788 1221 civitas
810 1183 866 1221 non
894 1182 958 1220 cum
979 1165 1156 1240 peccaverit,

169 1252 267 1308 statim
292 1253 376 1328 punit
404 1272 467 1310 eam
492 1253 583 1324 Deus,
611 1252 664 1309 sed
691 1262 826 1328 expectat
850 1270 907 1328 per
936 1252 1043 1308 multas
1068 1269 1156 1329 gene·

171 1340 302 1396 raciones
335 1350 362 1395 et
389 1341 475 1396 modo
504 1341 633 1409 mandat,
663 1340 749 1395 modo
778 1340 919 1413 minatur,
945 1339 1090 1395 interdum
1120 1357 1159 1395 ex

130 1441 254 1501 toparte
277 1427 414 1504 castigat,
437 1438 467 1482 ut
489 1437 596 1502 quanto
614 1427 709 1504 magis
726 1427 838 1483 diucius
861 1445 924 1482 eam
949 1427 1158 1502 expectaverit,

169 1525 249 1569 tanto
265 1514 391 1588 amplius
406 1526 433 1570 et
453 1514 511 1570 Dei
529 1513 665 1570 iudicium
687 1514 790 1570 iustius
804 1514 841 1569 sit
856 1523 883 1570 et
899 1513 1018 1569 illorum
1039 1513 1159 1590 dignior

166 1619 252 1675 pena.
295 1602 420 1669 Quando
456 1613 552 1657 autem
582 1601 727 1676 placuerit
760 1601 824 1657 Deo
856 1600 985 1675 perdere
1012 1600 1156 1656 civitatem

169 1688 250 1743 illam
274 1700 323 1744 aut
355 1700 482 1766 gentem,
504 1689 620 1744 videtur
651 1687 778 1744 omnium
806 1688 1033 1764 generacionum
1053 1706 1157 1764 prece-

169 1776 301 1831 deneium
322 1786 444 1851 peccata
468 1777 595 1832 reddere
617 1775 686 1846 illis,
724 1775 858 1849 quoniam
887 1792 943 1851 que
962 1786 1157 1850 peceaverunt

130 1863 157 1912 15
169 1862 219 1917 ille
237 1881 335 1919 omnes
350 1863 560 1940 generaciones
576 1874 603 1918 et
616 1862 815 1919 merebantur.
841 1862 904 1918 Hec
920 1862 982 1917 sola
998 1873 1041 1918 est
1053 1880 1155 1938 passa.

173 1949 253 2015 Quid
283 1951 400 2028 igitur?
432 1951 558 2006 Iniustus
590 1961 632 2005 est
669 1950 760 2019 Deus,
793 1950 842 2025 qui
878 1949 1004 2005 aliorum
1034 1960 1155 2025 peccata

170 2037 296 2092 vindieat
323 2038 351 2092 in
375 2037 461 2093 istis?
483 2037 572 2093 Absit.
598 2037 657 2092 Sed
672 2037 807 2111 quoniam
831 2054 885 2112 que
900 2036 946 2092 illi
968 2037 1156 2093 merebantur

169 2124 217 2180 isti
243 2125 327 2200 passi
356 2137 422 2180 sunt
454 2135 480 2180 et
511 2124 568 2180 soli
595 2124 680 2198 passi
710 2135 776 2179 sunt
807 2124 889 2193 talia,
923 2141 987 2179 cum
1017 2142 1072 2180 non
1100 2124 1158 2180 soli

165 2224 335 2286 peccassent
340 2232 352 2280 ,·
370 2222 529 2287 propterea
546 2229 600 2285 que
615 2211 733 2266 illorum
753 2221 838 2267 erant
861 2210 998 2266 dicuntur
1010 2211 1153 2287 perpessi.

126 2314 158 2348 20
168 2299 227 2354 Res
243 2299 317 2355 enim
334 2299 388 2354 ista
412 2299 547 2354 mortalis
570 2308 627 2366 est;
649 2309 676 2353 et
699 2298 741 2353 sie
757 2316 856 2354 omnes
875 2298 1005 2354 homines
1029 2298 1156 2372 quotidie

161 2385 305 2459 facimus.
349 2386 427 2443 Ecce
460 2386 533 2442 enim
567 2403 631 2441 cum
668 2385 748 2441 servi
779 2385 822 2439 tui
849 2395 982 2460 peceant,
1022 2385 1157 2460 expolias

168 2492 254 2529 unum
279 2485 306 2529 et
329 2472 433 2528 iterum
454 2473 556 2546 parcis
578 2472 613 2538 ei,
644 2472 756 2528 dicens:
784 2471 851 2527 Nisi
872 2472 926 2528 boc
955 2471 1158 2528 observaveris

167 2560 222 2616 hoc
241 2579 385 2636 passurus
406 2579 444 2616 es.
471 2558 612 2615 Similiter
630 2559 713 2633 sacis
738 2569 765 2614 et
784 2558 874 2614 alteri
893 2577 948 2615 non
976 2558 1157 2614 melioranti:

167 2647 194 2702 si
212 2649 380 2716 incurrerit,
401 2646 565 2724 castigatur
583 2647 822 2702 unussecundum
836 2658 988 2722 peccatum
1004 2664 1106 2714 suum;
1129 2657 1156 2701 et

124 2734 156 2784 25
169 2734 284 2790 videtur
304 2735 417 2809 quidem
433 2752 491 2809 pro
508 2734 638 2790 omnibus
653 2733 734 2789 solus
746 2733 800 2788 iste
809 2733 980 2810 castigatus,
997 2733 1063 2807 quia
1080 2732 1157 2806 quod

167 2822 234 2878 aliis
257 2834 299 2878 est
319 2821 509 2898 promissum,
534 2820 579 2875 illi
598 2832 640 2876 est
663 2819 821 2878 redditum.
847 2821 963 2876 Revera
980 2832 1076 2875 autem
1100 2838 1155 2875 non

164 2926 222 2983 pro
261 2910 326 2966 aliis
364 2909 526 2986 castigatus
564 2919 606 2964 est
637 2908 690 2964 sed
718 2925 776 2983 pro
813 2925 852 2977 se,
891 2908 957 2983 quia
994 2907 1153 2964 secundum

168 2997 303 3052 meritum
336 2998 420 3072 culpe
450 3014 501 3052 sue
529 2996 690 3073 castigatus
722 3005 772 3051 est.
811 2994 864 3050 Ille
895 2994 969 3050 enim
999 3013 1057 3070 pro
1089 2993 1156 3050 aliis

168 3083 276 3139 dieitur
308 3084 470 3161 castigatus
503 3084 552 3157 qui
582 3082 648 3138 aliis
675 3080 864 3157 peccantibus
891 3081 952 3157 ipse
989 3081 1156 3159 castigatur

125 3174 223 3226 30non
253 3189 387 3246 peccans.
433 3170 492 3239 Qui
521 3181 617 3225 autem
647 3187 773 3244 peccans
804 3170 978 3247 castigatur,
1011 3187 1067 3225 non
1096 3187 1155 3244 pro

166 3258 232 3313 aliis
264 3258 316 3314 sed
340 3276 397 3334 pro
424 3276 455 3313 se
482 3257 655 3335 castigatur.
695 3256 743 3312 Sic
770 3265 797 3311 et
824 3256 981 3332 generacio
1013 3257 1066 3312 ista
1096 3273 1155 3331 pro

164 3345 299 3420 patribus
321 3346 381 3401 suis
402 3344 515 3419 quidem
539 3345 654 3399 videtur
673 3343 787 3418 punita,
810 3343 876 3418 quia
892 3342 938 3398 illi
959 3343 1057 3399 territi
1078 3353 1154 3413 sunt,

166 3433 215 3488 isti
242 3433 344 3508 puniti.
384 3432 458 3488 Vere
489 3442 584 3488 autem
615 3449 669 3487 non
699 3449 757 3506 pro
781 3430 839 3486 illis
866 3430 919 3486 sed
943 3448 1001 3506 pro
1029 3448 1060 3486 se
1086 3448 1153 3486 con-

167 3520 317 3595 dempnati
342 3530 419 3590 sunt,
451 3518 518 3593 quia
541 3518 583 3575 sic
611 3529 766 3593 peccantes
797 3517 871 3574 iuste
898 3517 1051 3592 dampnati
1077 3528 1151 3573 sunt.

123 3606 230 3662 35Hec
258 3609 357 3664 eadem
381 3607 421 3660 ad
443 3605 586 3662 hereticos
609 3604 739 3661 convenit
762 3604 860 3660 dicere
886 3603 1045 3660 Christum.
1071 3602 1155 3660 Ideo:

167 3694 244 3750 Ecce
266 3712 321 3771 ego
346 3693 427 3749 mitto
455 3693 495 3747 ad
523 3711 574 3749 vos
601 3691 746 3767 sapientes
777 3701 830 3751 etc.
866 3691 939 3746 Vere
966 3691 1040 3747 enim
1074 3690 1156 3745 missi

166 3792 232 3837 sunt
254 3781 397 3856 sapientes
422 3780 565 3836 adversus
588 3778 731 3835 hereticos
748 3789 850 3854 patres
872 3789 994 3848 vestros,
1010 3777 1154 3852 sapientes

165 3880 261 3924 autern
280 3887 334 3923 non
352 3867 471 3937 literati,
488 3885 611 3941 quorum
628 3866 773 3941 sapiencia
798 3866 824 3920 in
840 3864 971 3921 sensibus
987 3864 1154 3920 carnalibus

162 3956 259 4031 posita
273 3967 315 4011 est
326 3965 355 4012 et
367 3954 394 4009 in
408 3954 509 4031 lingua
520 3953 664 4028 adquisita
671 3971 728 4028 per
740 3952 982 4009 exereitacionem
994 3951 1153 4023 carnalem,

121 4061 156 4108 40
165 4044 217 4099 sed
239 4043 383 4118 sapientes
399 4041 478 4098 cirea
495 4041 553 4097 Dei
561 4040 707 4112 noticiam,
731 4040 875 4116 sapientes
891 4057 946 4095 non
962 4056 1088 4115 corpore
1102 4040 1154 4096 sed

219 4238 286 4278 uA:
303 4248 348 4279 non
365 4235 436 4278 deest.
520 4247 542 4285 4.
563 4233 592 4276 B:
608 4238 687 4277 utne.
769 4246 795 4277 ιι.
811 4234 845 4276 A:
866 4232 944 4275 iustus.
1013 4230 1046 4275 23.
1062 4230 1152 4275 codd:

166 4289 352 4331 meliorantibus.
368 4289 414 4342 Op.
430 4288 502 4342 Imp:
519 4287 596 4329 alteri.
611 4283 663 4329 Non
677 4286 854 4330 meliorantibus
863 4296 919 4328 vero
933 4284 974 4336 eis,
992 4285 1014 4326 si
1025 4283 1155 4327 incurrerit

166 4353 232 4390 ursus,
259 4342 394 4402 castigatur
413 4373 418 4382 .
439 4373 444 4382 .
467 4370 472 4380 .
541 4351 575 4390 ²4-
596 4340 630 4381 A:
654 4339 676 4380 εἰ
696 4339 821 4382 intrarent.
894 4348 929 4390 27.
952 4337 986 4378 A:
1010 4336 1152 4389 castigatur.

167 4393 425 4446 40—41.13:itmorem
440 4404 482 4434 nee
495 4392 611 4446 sapientes
631 4391 695 4434 circa
716 4391 767 4433 Dei.
865 4402 897 4442 4¹·
914 4388 943 4431 B:
960 4388 1006 4431 Dei
1023 4391 1098 4440 deest;
1118 4389 1151 4430 A:

166 4446 277 4488 noticiam
292 4445 405 4488 veritatis.

1194 1175 1346 1233 l’unislunent

1200 1235 1240 1270 not
1254 1229 1342 1284 always

1199 1280 1342 1324 immediate.
