3098 5130
209 503 276 547 cnr.
292 487 346 575 m]
502 506 547 555 ur.
567 504 806 555 nnrtcuatsso
827 504 890 556 tsn.
911 504 928 552 ι.

209 668 282 723 teria
299 671 351 723 sua
375 677 402 724 et
417 665 608 744 magnificant
615 664 764 741 fimbrias.
795 664 973 739 Quicunque,
998 663 1095 738 inquit
1111 667 1194 720 lero·

209 772 327 827 aymus,
360 754 399 809 ita
425 753 505 828 facit
537 752 692 827 quodlibet,
725 763 755 806 ut
787 752 923 807 videatur
953 751 989 807 ab
1022 752 1194 820 hominibus,

209 842 304 898 scriba
328 852 369 897 est
392 852 420 897 et
438 840 605 916 phariseus.
640 839 678 895 Ve
701 838 782 895 nobis
805 839 921 895 miseris
942 839 983 893 ad
1002 857 1074 914 quos
1091 839 1194 914 phari-

209 947 324 984 seorum
349 927 423 984 nicia
446 927 635 984 transierunt.
662 925 804 982 Dominus
827 943 891 981 cum
908 925 1033 981 dedisset
1057 926 1194 981 mandata

186 1015 284 1090 5legis
302 1032 359 1090 per
382 1014 509 1092 Moysen
531 1014 572 1069 ad
594 1023 757 1069 extremum
779 1012 889 1068 intulit:
912 1012 1035 1089 Ligabis
1054 1013 1082 1068 in
1108 1031 1194 1068 manu

209 1114 268 1167 tna,
292 1113 318 1158 et
341 1112 425 1158 erunt
449 1100 568 1157 itnntota
584 1111 650 1155 ante
666 1100 764 1156 oculos
787 1111 867 1161 tuos:
889 1109 915 1154 ct
932 1110 974 1155 est
989 1118 1106 1156 sensus:
1124 1117 1194 1175 pre-

209 1201 290 1263 cepta
323 1207 385 1244 mea
410 1187 517 1243 sintin
542 1206 628 1243 manu
652 1198 702 1243 tua
726 1197 756 1241 ut
780 1204 868 1262 opere
895 1187 1106 1262 compleantur,
1139 1187 1196 1242 sint

209 1288 277 1332 ante
307 1275 405 1331 oculos
438 1286 503 1330 tuos
535 1286 566 1329 ut
597 1274 643 1330 die
665 1292 700 1330 ac
723 1284 805 1330 rante
828 1273 976 1329 mediteris
999 1274 1026 1328 in
1050 1274 1100 1330 eis.
1130 1273 1196 1330 Hoc

207 1362 339 1438 pharisei
370 1362 447 1417 male
480 1361 705 1436 interpretantes
737 1361 901 1417 scribebant
933 1361 961 1415 in
989 1360 1196 1417 membranulis

170 1450 384 1526 todecalogum
409 1448 520 1526 Moysi.
544 1448 575 1502 id
597 1459 649 1509 est.
674 1448 770 1503 decem
795 1448 883 1504 verba
900 1447 976 1524 legis
991 1447 1196 1523 corttplicantes

209 1549 234 1592 et
268 1538 393 1613 ligantes
425 1535 452 1589 in
468 1536 575 1610 fronte
601 1546 628 1590 et
655 1535 737 1610 quasi
758 1552 896 1590 coronam
921 1534 1024 1610 capitis
1039 1535 1196 1609 facientes,

210 1636 239 1679 ut
261 1641 377 1698 semper
392 1633 458 1677 ante
474 1622 573 1678 oculos
589 1632 792 1688 ntouerentnr;
813 1621 891 1696 quod
906 1639 995 1696 usque
1015 1623 1100 1679 hodie
1115 1622 1198 1677 Iudei

208 1723 235 1767 et
259 1709 405 1766 Babilonii
420 1709 539 1782 sariunt
571 1720 598 1764 et
622 1709 671 1783 qui
696 1710 750 1763 icoc
773 1708 907 1764 habuerit
933 1708 1017 1783 qnasi
1039 1708 1196 1787 religiosus

209 1799 236 1852 in
257 1797 375 1873 populis
405 1797 546 1852 uideatur.
578 1796 706 1852 Iusserat
733 1813 844 1871 quoque
865 1795 948 1850 aliud
967 1796 1091 1874 Moyses
1114 1808 1145 1851 ut
1168 1797 1195 1852 in

169 1884 334 1959 ¹5quatuor
364 1883 483 1960 angulis
511 1882 671 1958 palliorum
704 1882 877 1938 iacinthinas
900 1882 1042 1958 fimbrias
1056 1883 1197 1958 facerent

208 1973 248 2027 ad
272 1971 391 2027 Israelis
410 1970 552 2045 populum
578 1970 794 2037 dinoscendum,
819 1980 849 2024 nt
864 1970 1008 2043 quomodo
1024 1971 1197 2045 corporibus

209 2058 389 2114 circumcisio
412 2057 528 2134 signum
544 2057 665 2112 Judaice
686 2056 785 2133 geratis
800 2057 894 2121 daret,
918 2057 958 2111 ita
975 2057 1062 2112 uestis
1078 2058 1197 2113 haberet

208 2146 334 2221 aliquam
347 2144 556 2218 differendam.
573 2143 778 2219 Supersticiosi
793 2142 919 2198 ministri
933 2154 1082 2219 captantes
1091 2162 1195 2199 auram

207 2232 379 2308 popularem
403 2242 489 2305 atque
512 2247 551 2286 ex
574 2229 754 2286 mulierculis
775 2241 918 2286 sectantes
946 2230 1029 2287 lucra
1044 2230 1196 2306 faciebant

167 2320 341 2396 20grandes
363 2317 505 2393 fimbrias
538 2328 564 2372 et
599 2316 784 2373 acutissimas
816 2317 844 2371 in
872 2317 912 2372 eis
934 2317 1033 2392 spinas
1056 2319 1196 2394 ligabant,

210 2418 240 2461 nt
264 2403 395 2460 uidelicet
419 2401 600 2460 ambulantes
623 2416 650 2459 et
672 2404 803 2460 sedentes
826 2402 971 2459 interdum
992 2417 1198 2482 pungerentur

210 2505 236 2548 et
259 2492 342 2568 quasi
365 2492 419 2547 hac
442 2490 637 2548 commotione
660 2491 884 2546 retraherentur
907 2491 948 2546 ad
970 2491 1068 2567 officia
1092 2491 1152 2547 Dei
1169 2503 1196 2548 et

208 2579 369 2635 mmisteria
399 2577 550 2634 seruitutis
580 2577 649 2633 eius.
688 2578 763 2645 Quia
796 2595 871 2654 ergo
895 2577 1015 2634 dixerat
1039 2578 1197 2635 Dotnt'nus:

214 2667 317 2722 tlmnia
341 2682 430 2740 opera
446 2683 498 2721 sna
508 2664 637 2739 faciunt,
654 2676 684 2719 nt
701 2665 855 2720 videantur
870 2665 906 2720 ab
923 2665 1100 2734 hominibus,·
1119 2667 1197 2740 quod

166 2753 389 2830 &generaliter
411 2762 575 2819 accusarat,
607 2769 681 2806 nunc
708 2751 735 2806 in
764 2762 869 2826 partes
891 2751 1004 2807 dividit.
1038 2753 1196 2809 Pictoriola

209 2842 260 2896 illa
278 2840 415 2916 decalogi
423 2839 582 2914 philateria
600 2839 750 2907 uocabant,
767 2839 844 2913 quod
859 2839 1017 2914 quicunqne
1032 2840 1196 2896 habuissent

209 2946 242 2982 ea
265 2927 348 3002 quasi
369 2927 404 2982 ob
428 2925 587 2981 custodiam
622 2937 649 2981 et
673 2937 888 2982 monumentum
911 2926 958 2981 sui
979 2926 1118 2983 haberent
1142 2945 1196 2982 non

210 3013 434 3089 intelligentibus
455 3012 701 3087 phariseis-quod
724 3012 775 3069 hec
798 3012 826 3067 in
850 3013 940 3068 corde
958 3014 1107 3088 portanda
1130 3025 1197 3070 sunt

211 3120 265 3156 non
304 3101 332 3155 in
369 3117 511 3175 corpore,·
550 3099 675 3175 alioquin
709 3110 736 3155 et
767 3099 900 3155 armaria
934 3110 961 3154 et
993 3118 1062 3156 arce
1093 3101 1197 3158 habent

158 3189 199 3266 ‚30
210 3188 301 3243 libros
324 3197 351 3242 et
374 3186 509 3242 noticiam
533 3186 591 3241 Dei
612 3205 668 3242 non
692 3187 805 3242 habent.
831 3187 897 3242 Hoc
919 3188 999 3262 apud
1021 3206 1073 3244 nos
1094 3207 1197 3263 super·

118 3255 182 3320 402‘¹
209 3274 324 3330 sticiose
347 3273 518 3329 niteliercule
540 3272 568 3327 in
588 3272 693 3347 paruis
709 3274 869 3351 euartgeliis
885 3285 911 3330 et
931 3275 959 3328 in
975 3274 1071 3331 crucis
1090 3270 1095 3352 Ι
1116 3276 1197 3352 ligno

210 3372 236 3417 et
260 3361 287 3415 in
311 3358 472 3416 illiusmodi
499 3360 585 3415 rebus
612 3378 666 3434 que
689 3361 791 3416 habent
814 3361 929 3435 quidem
952 3362 1047 3440 qelum
1069 3362 1128 3418 Dei
1145 3365 1198 3418 sed

210 3466 265 3503 non
297 3448 453 3503 secundum
485 3446 637 3503 scienciam
671 3465 759 3522 nsque
790 3448 876 3503 hodie
899 3447 1043 3522 factitant
1077 3450 1195 3505 culicem

211 3535 362 3610 liquantes,
403 3533 544 3590 camelum
583 3534 759 3610 glucientes:
794 3534 958 3590 istiusmodi
984 3547 1049 3591 erat
1073 3535 1195 3612 fimbria

168 3639 303 3696 35parua
328 3632 353 3676 et
377 3621 473 3677 breuis
496 3637 535 3676 ex
558 3621 625 3698 lege
637 3632 776 3696 precepta
794 3640 881 3695 quam
905 3632 931 3676 et
956 3623 1062 3678 mulier
1077 3622 1128 3677 illa
1144 3641 1198 3697 que

211 3709 353 3785 sangnine
378 3708 491 3785 fluebat
523 3707 619 3784 tetigit
653 3708 681 3762 in
710 3707 803 3782 pallio
836 3708 971 3775 Ilomini5
1002 3710 1054 3765 sed
1077 3728 1131 3764 non
1155 3720 1196 3765 est

211 3806 381 3870 compuncta
413 3795 626 3870 supersticiosis
656 3795 786 3850 sensibus
815 3795 1021 3869 phariseorum
1046 3796 1198 3872 magisque

211 3893 312 3938 scrutata
336 3883 375 3938 ad
398 3894 504 3937 tactum
529 3881 599 3941 eins.
625 3882 687 3936 Hec
709 3883 897 3953 leronymus

263 4190 283 4221 a.
299 4181 332 4222 A:
347 4180 465 4234 quidlibet.
534 4181 565 4222 ni.
580 4179 702 4235 populum:
717 4181 750 4222 A:
765 4190 834 4233 papo.
899 4192 927 4233 ις.
943 4180 1031 4224 eoas:
1045 4181 1196 4224 sirctrnuicio.

212 4240 245 4282 at,
261 4230 294 4273 23.
310 4233 343 4275 A:
360 4233 439 4283 idest,
454 4232 591 4274 ministeria.
659 4231 737 4274 3213:
753 4232 903 4275 istiusmodi.

268 4374 288 4418 1,
309 4374 331 4408 2.
352 4361 388 4407 St.
408 4360 571 4424 Hieronymi,
592 4359 849 4408 Commentariorum
869 4360 893 4407 in
914 4359 1071 4409 hiartharum
1092 4360 1136 4409 lib.
1155 4361 1197 4420 lh',

212 4427 396 4494 1.c.p182.
453 4430 475 4478 5.
494 4430 571 4478 Dent.
591 4429 669 4489 s'1‚8
737 4444 775 4490 ¹4·
795 4430 872 4478 Num.
891 4429 947 4491 XV,
967 4428 1007 4480 38.

1375 488 1406 543 13

1204 672 1308 715 Jeromez
1322 671 1360 714 To
1373 679 1410 715 act

1214 725 1236 768 in
1252 725 1322 767 order
1336 731 1360 767 to
1376 725 1403 766 be

1211 789 1265 819 seen
1280 777 1306 818 ot
1319 788 1371 819 men
1387 777 1407 818 is

1213 837 1237 872 to
1253 831 1280 871 be
1295 841 1307 870 a
1322 828 1398 871 scribe

1204 882 1250 924 aad
1265 893 1277 922 a
1293 882 1406 934 pharisee.
