<?xml version="1.0" encoding="UTF-8"?>
<!DOCTYPE html PUBLIC "-//W3C//DTD XHTML 1.0 Transitional//EN"
    "http://www.w3.org/TR/xhtml1/DTD/xhtml1-transitional.dtd">
<html xmlns="http://www.w3.org/1999/xhtml" xml:lang="en" lang="en">
 <head>
  <title>
</title>
<meta http-equiv="Content-Type" content="text/html;charset=utf-8" />
  <meta name='ocr-system' content='tesseract 3.04.00' />
  <meta name='ocr-capabilities' content='ocr_page ocr_carea ocr_par ocr_line ocrx_word'/>
</head>
<body>
  <div class='ocr_page' id='page_1' title='image "./iohanniswyclifo01wyclgoog_0159.png"; bbox 0 0 3098 5130; ppageno 0'>
   <div class='ocr_carea' id='block_1_1' title="bbox 577 450 1340 533">
    <p class='ocr_par' dir='ltr' id='par_1_1' title="bbox 577 450 1340 533">
     <span class='ocr_line' id='line_1_1' title="bbox 577 450 1340 533; baseline -0.001 -19"><span class='ocrx_word' id='word_1_1' title='bbox 577 467 667 517; x_wconf 77' lang='lat' dir='ltr'>treus</span> <span class='ocrx_word' id='word_1_2' title='bbox 687 468 938 517; x_wconf 58' lang='lat' dir='ltr'>uviiuoattcun</span> <span class='ocrx_word' id='word_1_3' title='bbox 962 468 1023 516; x_wconf 77' lang='lat' dir='ltr'>tin.</span> <span class='ocrx_word' id='word_1_4' title='bbox 1044 468 1083 517; x_wconf 88' lang='lat' dir='ltr'>ut.</span> <span class='ocrx_word' id='word_1_5' title='bbox 1132 450 1213 533; x_wconf 71' lang='lat' dir='ltr'>[etr.</span> <span class='ocrx_word' id='word_1_6' title='bbox 1229 465 1340 510; x_wconf 75' lang='lat' dir='ltr'>xxxin.</span> 
     </span>
    </p>
   </div>
   <div class='ocr_carea' id='block_1_2' title="bbox 126 626 1432 2627">
    <p class='ocr_par' dir='ltr' id='par_1_2' title="bbox 126 626 1432 2627">
     <span class='ocr_line' id='line_1_2' title="bbox 341 626 1340 705; baseline 0.001 -20"><span class='ocrx_word' id='word_1_7' title='bbox 341 629 466 685; x_wconf 80' lang='lat' dir='ltr'>virtutes</span> <span class='ocrx_word' id='word_1_8' title='bbox 494 627 679 702; x_wconf 85' lang='lat' dir='ltr'>evangelicas</span> <span class='ocrx_word' id='word_1_9' title='bbox 708 640 736 685; x_wconf 96' lang='lat' dir='ltr'>et</span> <span class='ocrx_word' id='word_1_10' title='bbox 771 626 992 685; x_wconf 82' lang='lat' dir='ltr'>dimitteremus</span> <span class='ocrx_word' id='word_1_11' title='bbox 1020 628 1203 705; x_wconf 84' lang='lat' dir='ltr'>superbiam,</span> <span class='ocrx_word' id='word_1_12' title='bbox 1244 630 1340 687; x_wconf 87' lang='lat' dir='ltr'>extol·</span> 
     </span>
     <span class='ocr_line' id='line_1_3' title="bbox 340 714 1340 791; baseline 0.002 -19"><span class='ocrx_word' id='word_1_13' title='bbox 340 715 470 773; x_wconf 89' lang='lat' dir='ltr'>lenciam</span> <span class='ocrx_word' id='word_1_14' title='bbox 495 733 529 771; x_wconf 89' lang='lat' dir='ltr'>ac</span> <span class='ocrx_word' id='word_1_15' title='bbox 554 715 747 772; x_wconf 88' lang='lat' dir='ltr'>indueremus</span> <span class='ocrx_word' id='word_1_16' title='bbox 772 714 985 788; x_wconf 85' lang='lat' dir='ltr'>humilitatem,</span> <span class='ocrx_word' id='word_1_17' title='bbox 1011 718 1103 773; x_wconf 92' lang='lat' dir='ltr'>modo</span> <span class='ocrx_word' id='word_1_18' title='bbox 1120 736 1180 791; x_wconf 92' lang='lat' dir='ltr'>quo</span> <span class='ocrx_word' id='word_1_19' title='bbox 1196 716 1340 775; x_wconf 87' lang='lat' dir='ltr'>Christus</span> 
     </span>
     <span class='ocr_line' id='line_1_4' title="bbox 165 802 1028 891; baseline 0.003 -31"><span class='ocrx_word' id='word_1_20' title='bbox 165 861 192 891; x_wconf 82' lang='lat' dir='ltr'>an</span> <span class='ocrx_word' id='word_1_21' title='bbox 197 848 211 890; x_wconf 59' lang='lat' dir='ltr'>d</span> <span class='ocrx_word' id='word_1_22' title='bbox 226 851 292 891; x_wconf 83' lang='lat' dir='ltr'>mose</span> <span class='ocrx_word' id='word_1_23' title='bbox 343 802 456 873; x_wconf 90' lang='lat' dir='ltr'>docuit,</span> <span class='ocrx_word' id='word_1_24' title='bbox 482 802 582 858; x_wconf 88' lang='lat' dir='ltr'>statim</span> <span class='ocrx_word' id='word_1_25' title='bbox 609 802 666 858; x_wconf 92' lang='lat' dir='ltr'>ista</span> <span class='ocrx_word' id='word_1_26' title='bbox 690 802 838 859; x_wconf 84' lang='lat' dir='ltr'>dissensio</span> <span class='ocrx_word' id='word_1_27' title='bbox 862 805 1028 863; x_wconf 86' lang='lat' dir='ltr'>sedaretur.</span> 
     </span>
     <span class='ocr_line' id='line_1_5' title="bbox 132 889 1339 960; baseline 0.005 -17"><span class='ocrx_word' id='word_1_28' title='bbox 132 900 326 960; x_wconf 63' lang='lat' dir='ltr'>bertr-cendunt</span> <span class='ocrx_word' id='word_1_29' title='bbox 386 893 423 946; x_wconf 89' lang='lat' dir='ltr'>Et</span> <span class='ocrx_word' id='word_1_30' title='bbox 458 891 563 946; x_wconf 91' lang='lat' dir='ltr'>eodem</span> <span class='ocrx_word' id='word_1_31' title='bbox 598 891 689 946; x_wconf 91' lang='lat' dir='ltr'>modo</span> <span class='ocrx_word' id='word_1_32' title='bbox 724 889 874 947; x_wconf 89' lang='lat' dir='ltr'>credimus</span> <span class='ocrx_word' id='word_1_33' title='bbox 906 892 943 947; x_wconf 91' lang='lat' dir='ltr'>de</span> <span class='ocrx_word' id='word_1_34' title='bbox 975 889 1122 947; x_wconf 88' lang='lat' dir='ltr'>divisione</span> <span class='ocrx_word' id='word_1_35' title='bbox 1155 891 1210 948; x_wconf 86' lang='lat' dir='ltr'>hac</span> <span class='ocrx_word' id='word_1_36' title='bbox 1239 891 1339 949; x_wconf 90' lang='lat' dir='ltr'>tercia</span> 
     </span>
     <span class='ocr_line' id='line_1_6' title="bbox 126 954 1365 1048; baseline 0 -14"><span class='ocrx_word' id='word_1_37' title='bbox 126 954 332 1048; x_wconf 54' lang='lat' dir='ltr'>b„‘lh}„i‘i3¹,¹,¹},’„n</span> <span class='ocrx_word' id='word_1_38' title='bbox 344 977 422 1034; x_wconf 93' lang='lat' dir='ltr'>inter</span> <span class='ocrx_word' id='word_1_39' title='bbox 446 979 558 1034; x_wconf 87' lang='lat' dir='ltr'>Grecos</span> <span class='ocrx_word' id='word_1_40' title='bbox 587 990 615 1035; x_wconf 89' lang='lat' dir='ltr'>et</span> <span class='ocrx_word' id='word_1_41' title='bbox 640 977 764 1035; x_wconf 84' lang='lat' dir='ltr'>Latinos</span> <span class='ocrx_word' id='word_1_42' title='bbox 793 996 828 1034; x_wconf 88' lang='lat' dir='ltr'>ac</span> <span class='ocrx_word' id='word_1_43' title='bbox 855 980 892 1034; x_wconf 94' lang='lat' dir='ltr'>de</span> <span class='ocrx_word' id='word_1_44' title='bbox 921 977 1068 1035; x_wconf 91' lang='lat' dir='ltr'>divisione</span> <span class='ocrx_word' id='word_1_45' title='bbox 1100 977 1224 1036; x_wconf 90' lang='lat' dir='ltr'>iniciata</span> <span class='ocrx_word' id='word_1_46' title='bbox 1255 978 1365 1036; x_wconf 87' lang='lat' dir='ltr'>inter5</span> 
     </span>
     <span class='ocr_line' id='line_1_7' title="bbox 158 1056 1336 1154; baseline 0 -32"><span class='ocrx_word' id='word_1_47' title='bbox 158 1056 307 1154; x_wconf 46' lang='lat' dir='ltr'>[rediimus</span> <span class='ocrx_word' id='word_1_48' title='bbox 345 1084 440 1140; x_wconf 82' lang='lat' dir='ltr'>papas</span> <span class='ocrx_word' id='word_1_49' title='bbox 467 1067 635 1122; x_wconf 87' lang='lat' dir='ltr'>Romanum</span> <span class='ocrx_word' id='word_1_50' title='bbox 661 1078 689 1121; x_wconf 92' lang='lat' dir='ltr'>et</span> <span class='ocrx_word' id='word_1_51' title='bbox 712 1064 924 1122; x_wconf 84' lang='lat' dir='ltr'>Avinonicum.</span> <span class='ocrx_word' id='word_1_52' title='bbox 949 1065 1095 1122; x_wconf 89' lang='lat' dir='ltr'>Omnium</span> <span class='ocrx_word' id='word_1_53' title='bbox 1120 1065 1200 1122; x_wconf 91' lang='lat' dir='ltr'>enim</span> <span class='ocrx_word' id='word_1_54' title='bbox 1224 1065 1336 1123; x_wconf 91' lang='lat' dir='ltr'>talium</span> 
     </span>
     <span class='ocr_line' id='line_1_8' title="bbox 140 1123 1334 1228; baseline 0 -18"><span class='ocrx_word' id='word_1_55' title='bbox 140 1123 321 1223; x_wconf 69' lang='lat' dir='ltr'>arealtceused</span> <span class='ocrx_word' id='word_1_56' title='bbox 345 1167 389 1210; x_wconf 91' lang='lat' dir='ltr'>est</span> <span class='ocrx_word' id='word_1_57' title='bbox 424 1171 515 1210; x_wconf 87' lang='lat' dir='ltr'>causa</span> <span class='ocrx_word' id='word_1_58' title='bbox 547 1171 694 1209; x_wconf 92' lang='lat' dir='ltr'>venenum</span> <span class='ocrx_word' id='word_1_59' title='bbox 735 1152 876 1227; x_wconf 89' lang='lat' dir='ltr'>superbie</span> <span class='ocrx_word' id='word_1_60' title='bbox 908 1152 1052 1210; x_wconf 89' lang='lat' dir='ltr'>iniectum</span> <span class='ocrx_word' id='word_1_61' title='bbox 1087 1171 1140 1228; x_wconf 89' lang='lat' dir='ltr'>per</span> <span class='ocrx_word' id='word_1_62' title='bbox 1175 1153 1334 1210; x_wconf 88' lang='lat' dir='ltr'>diabolum</span> 
     </span>
     <span class='ocr_line' id='line_1_9' title="bbox 173 1215 1337 1314; baseline -0.001 -17"><span class='ocrx_word' id='word_1_63' title='bbox 173 1217 201 1271; x_wconf 80' lang='lat' dir='ltr'>ny</span> <span class='ocrx_word' id='word_1_64' title='bbox 217 1215 290 1268; x_wconf 46' lang='grc' dir='ltr'>ΜΕ·</span> <span class='ocrx_word' id='word_1_65' title='bbox 346 1241 425 1297; x_wconf 90' lang='lat' dir='ltr'>inter</span> <span class='ocrx_word' id='word_1_66' title='bbox 439 1240 592 1314; x_wconf 91' lang='lat' dir='ltr'>ypocritas</span> <span class='ocrx_word' id='word_1_67' title='bbox 609 1239 782 1297; x_wconf 79' lang='lat' dir='ltr'>militantes</span> <span class='ocrx_word' id='word_1_68' title='bbox 811 1243 848 1296; x_wconf 86' lang='lat' dir='ltr'>Et</span> <span class='ocrx_word' id='word_1_69' title='bbox 865 1240 1022 1314; x_wconf 90' lang='lat' dir='ltr'>quodlibet</span> <span class='ocrx_word' id='word_1_70' title='bbox 1040 1240 1167 1296; x_wconf 89' lang='lat' dir='ltr'>istorum</span> <span class='ocrx_word' id='word_1_71' title='bbox 1190 1241 1337 1298; x_wconf 83' lang='lat' dir='ltr'>fundatur</span> 
     </span>
     <span class='ocr_line' id='line_1_10' title="bbox 345 1327 1336 1402; baseline -0.001 -17"><span class='ocrx_word' id='word_1_72' title='bbox 345 1329 376 1385; x_wconf 91' lang='lat' dir='ltr'>in</span> <span class='ocrx_word' id='word_1_73' title='bbox 400 1327 496 1384; x_wconf 86' lang='lat' dir='ltr'>heresi</span> <span class='ocrx_word' id='word_1_74' title='bbox 522 1328 659 1384; x_wconf 86' lang='lat' dir='ltr'>doctrine</span> <span class='ocrx_word' id='word_1_75' title='bbox 687 1327 858 1401; x_wconf 83' lang='lat' dir='ltr'>evangelice</span> <span class='ocrx_word' id='word_1_76' title='bbox 882 1330 964 1402; x_wconf 92' lang='lat' dir='ltr'>quod</span> <span class='ocrx_word' id='word_1_77' title='bbox 994 1327 1158 1384; x_wconf 86' lang='lat' dir='ltr'>militantes</span> <span class='ocrx_word' id='word_1_78' title='bbox 1186 1327 1336 1385; x_wconf 89' lang='lat' dir='ltr'>deliciunt</span> 
     </span>
     <span class='ocr_line' id='line_1_11' title="bbox 346 1414 1382 1489; baseline -0.001 -17"><span class='ocrx_word' id='word_1_79' title='bbox 346 1416 376 1472; x_wconf 93' lang='lat' dir='ltr'>in</span> <span class='ocrx_word' id='word_1_80' title='bbox 401 1416 524 1489; x_wconf 88' lang='lat' dir='ltr'>sequela</span> <span class='ocrx_word' id='word_1_81' title='bbox 550 1427 578 1471; x_wconf 90' lang='lat' dir='ltr'>et</span> <span class='ocrx_word' id='word_1_82' title='bbox 601 1414 632 1471; x_wconf 93' lang='lat' dir='ltr'>in</span> <span class='ocrx_word' id='word_1_83' title='bbox 657 1415 792 1471; x_wconf 89' lang='lat' dir='ltr'>moribus</span> <span class='ocrx_word' id='word_1_84' title='bbox 817 1414 932 1471; x_wconf 91' lang='lat' dir='ltr'>domini</span> <span class='ocrx_word' id='word_1_85' title='bbox 955 1418 1025 1471; x_wconf 81' lang='lat' dir='ltr'>lesu</span> <span class='ocrx_word' id='word_1_86' title='bbox 1050 1414 1172 1474; x_wconf 82' lang='lat' dir='ltr'>Christi.</span> <span class='ocrx_word' id='word_1_87' title='bbox 1206 1416 1277 1473; x_wconf 91' lang='lat' dir='ltr'>ldeo</span> <span class='ocrx_word' id='word_1_88' title='bbox 1301 1428 1336 1471; x_wconf 93' lang='lat' dir='ltr'>ut</span> <span class='ocrx_word' id='word_1_89' title='bbox 1351 1436 1382 1471; x_wconf 87' lang='lat' dir='ltr'>ro</span> 
     </span>
     <span class='ocr_line' id='line_1_12' title="bbox 346 1497 1336 1583; baseline 0.001 -24"><span class='ocrx_word' id='word_1_90' title='bbox 346 1521 415 1559; x_wconf 90' lang='lat' dir='ltr'>vere</span> <span class='ocrx_word' id='word_1_91' title='bbox 448 1503 581 1560; x_wconf 86' lang='lat' dir='ltr'>declarat</span> <span class='ocrx_word' id='word_1_92' title='bbox 614 1503 798 1576; x_wconf 84' lang='lat' dir='ltr'>Augustinus</span> <span class='ocrx_word' id='word_1_93' title='bbox 836 1502 867 1558; x_wconf 93' lang='lat' dir='ltr'>in</span> <span class='ocrx_word' id='word_1_94' title='bbox 895 1505 938 1558; x_wconf 92' lang='lat' dir='ltr'>De</span> <span class='ocrx_word' id='word_1_95' title='bbox 965 1505 1044 1559; x_wconf 92' lang='lat' dir='ltr'>Vera</span> <span class='ocrx_word' id='word_1_96' title='bbox 1074 1502 1228 1577; x_wconf 86' lang='lat' dir='ltr'>Religione</span> <span class='ocrx_word' id='word_1_97' title='bbox 1253 1497 1258 1583; x_wconf 84' lang='grc' dir='ltr'>Ι</span> <span class='ocrx_word' id='word_1_98' title='bbox 1284 1520 1336 1560; x_wconf 88' lang='lat' dir='ltr'>ca·</span> 
     </span>
     <span class='ocr_line' id='line_1_13' title="bbox 346 1589 1432 1665; baseline 0.002 -20"><span class='ocrx_word' id='word_1_99' title='bbox 346 1589 443 1664; x_wconf 89' lang='lat' dir='ltr'>pitulo</span> <span class='ocrx_word' id='word_1_100' title='bbox 467 1591 571 1646; x_wconf 87' lang='lat' dir='ltr'>XXXV</span> <span class='ocrx_word' id='word_1_101' title='bbox 600 1608 654 1645; x_wconf 89' lang='lat' dir='ltr'>nou</span> <span class='ocrx_word' id='word_1_102' title='bbox 683 1601 724 1646; x_wconf 89' lang='lat' dir='ltr'>est</span> <span class='ocrx_word' id='word_1_103' title='bbox 754 1590 893 1665; x_wconf 81' lang='lat' dir='ltr'>possibile</span> <span class='ocrx_word' id='word_1_104' title='bbox 926 1590 1097 1646; x_wconf 82' lang='lat' dir='ltr'>militantem</span> <span class='ocrx_word' id='word_1_105' title='bbox 1129 1607 1254 1664; x_wconf 86' lang='lat' dir='ltr'>peccare</span> <span class='ocrx_word' id='word_1_106' title='bbox 1289 1589 1337 1646; x_wconf 82' lang='lat' dir='ltr'>vel</span> <span class='ocrx_word' id='word_1_107' title='bbox 1363 1595 1432 1659; x_wconf 71' lang='lat'>416⁴</span> 
     </span>
     <span class='ocr_line' id='line_1_14' title="bbox 347 1676 1335 1753; baseline -0.001 -20"><span class='ocrx_word' id='word_1_108' title='bbox 347 1677 551 1733; x_wconf 81' lang='lat' dir='ltr'>dissensionem</span> <span class='ocrx_word' id='word_1_109' title='bbox 576 1677 651 1733; x_wconf 89' lang='lat' dir='ltr'>inter</span> <span class='ocrx_word' id='word_1_110' title='bbox 680 1678 791 1733; x_wconf 78' lang='lat' dir='ltr'>uiantes</span> <span class='ocrx_word' id='word_1_111' title='bbox 818 1677 894 1733; x_wconf 88' lang='lat' dir='ltr'>oriri</span> <span class='ocrx_word' id='word_1_112' title='bbox 921 1676 978 1732; x_wconf 89' lang='lat' dir='ltr'>nisi</span> <span class='ocrx_word' id='word_1_113' title='bbox 1000 1695 1039 1733; x_wconf 84' lang='lat' dir='ltr'>ex</span> <span class='ocrx_word' id='word_1_114' title='bbox 1062 1678 1116 1733; x_wconf 90' lang='lat' dir='ltr'>hoc</span> <span class='ocrx_word' id='word_1_115' title='bbox 1138 1678 1216 1753; x_wconf 82' lang='lat' dir='ltr'>quod</span> <span class='ocrx_word' id='word_1_116' title='bbox 1238 1677 1335 1732; x_wconf 87' lang='lat' dir='ltr'>altera</span> 
     </span>
     <span class='ocr_line' id='line_1_15' title="bbox 343 1764 1335 1841; baseline -0.002 -21"><span class='ocrx_word' id='word_1_117' title='bbox 343 1783 418 1841; x_wconf 89' lang='lat' dir='ltr'>pars</span> <span class='ocrx_word' id='word_1_118' title='bbox 450 1765 496 1820; x_wconf 82' lang='lat' dir='ltr'>vel</span> <span class='ocrx_word' id='word_1_119' title='bbox 528 1764 625 1820; x_wconf 77' lang='lat' dir='ltr'>verius</span> <span class='ocrx_word' id='word_1_120' title='bbox 659 1776 782 1839; x_wconf 81' lang='lat' dir='ltr'>utraque</span> <span class='ocrx_word' id='word_1_121' title='bbox 810 1764 906 1841; x_wconf 89' lang='lat' dir='ltr'>deficit</span> <span class='ocrx_word' id='word_1_122' title='bbox 934 1764 962 1819; x_wconf 89' lang='lat' dir='ltr'>in</span> <span class='ocrx_word' id='word_1_123' title='bbox 990 1765 1105 1839; x_wconf 84' lang='lat' dir='ltr'>sequela</span> <span class='ocrx_word' id='word_1_124' title='bbox 1135 1764 1246 1821; x_wconf 86' lang='lat' dir='ltr'>domiui</span> <span class='ocrx_word' id='word_1_125' title='bbox 1265 1764 1335 1820; x_wconf 83' lang='lat' dir='ltr'>Jesn</span> 
     </span>
     <span class='ocr_line' id='line_1_16' title="bbox 350 1851 1380 1928; baseline -0.002 -19"><span class='ocrx_word' id='word_1_126' title='bbox 350 1852 462 1909; x_wconf 78' lang='lat' dir='ltr'>Christi</span> <span class='ocrx_word' id='word_1_127' title='bbox 494 1853 540 1907; x_wconf 82' lang='lat' dir='ltr'>vel</span> <span class='ocrx_word' id='word_1_128' title='bbox 563 1851 706 1925; x_wconf 80' lang='lat' dir='ltr'>sariendo</span> <span class='ocrx_word' id='word_1_129' title='bbox 730 1853 807 1926; x_wconf 82' lang='lat' dir='ltr'>qttod</span> <span class='ocrx_word' id='word_1_130' title='bbox 836 1853 898 1928; x_wconf 88' lang='lat' dir='ltr'>ipse</span> <span class='ocrx_word' id='word_1_131' title='bbox 930 1852 1081 1927; x_wconf 81' lang='lat' dir='ltr'>prohibuit</span> <span class='ocrx_word' id='word_1_132' title='bbox 1105 1853 1151 1908; x_wconf 84' lang='lat' dir='ltr'>vel</span> <span class='ocrx_word' id='word_1_133' title='bbox 1178 1851 1380 1908; x_wconf 67' lang='lat' dir='ltr'>omittendum</span> 
     </span>
     <span class='ocr_line' id='line_1_17' title="bbox 347 1937 1336 2015; baseline 0 -20"><span class='ocrx_word' id='word_1_134' title='bbox 347 1940 478 1995; x_wconf 82' lang='lat' dir='ltr'>virtuosa</span> <span class='ocrx_word' id='word_1_135' title='bbox 502 1956 593 2015; x_wconf 88' lang='lat' dir='ltr'>opera</span> <span class='ocrx_word' id='word_1_136' title='bbox 617 1957 670 2012; x_wconf 84' lang='lat' dir='ltr'>que</span> <span class='ocrx_word' id='word_1_137' title='bbox 690 1940 830 2014; x_wconf 86' lang='lat' dir='ltr'>precepit.</span> <span class='ocrx_word' id='word_1_138' title='bbox 865 1940 964 1996; x_wconf 89' lang='lat' dir='ltr'>Causa</span> <span class='ocrx_word' id='word_1_139' title='bbox 988 1952 1089 1996; x_wconf 89' lang='lat' dir='ltr'>autem</span> <span class='ocrx_word' id='word_1_140' title='bbox 1115 1956 1225 2013; x_wconf 86' lang='lat' dir='ltr'>magna</span> <span class='ocrx_word' id='word_1_141' title='bbox 1249 1937 1336 1995; x_wconf 90' lang='lat' dir='ltr'>istius</span> 
     </span>
     <span class='ocr_line' id='line_1_18' title="bbox 347 2023 1336 2100; baseline 0 -19"><span class='ocrx_word' id='word_1_142' title='bbox 347 2025 541 2083; x_wconf 87' lang='lat' dir='ltr'>dissensionis</span> <span class='ocrx_word' id='word_1_143' title='bbox 574 2039 643 2082; x_wconf 91' lang='lat' dir='ltr'>sunt</span> <span class='ocrx_word' id='word_1_144' title='bbox 671 2027 751 2100; x_wconf 85' lang='lat' dir='ltr'>leges</span> <span class='ocrx_word' id='word_1_145' title='bbox 781 2040 809 2082; x_wconf 90' lang='lat' dir='ltr'>et</span> <span class='ocrx_word' id='word_1_146' title='bbox 839 2025 1016 2084; x_wconf 85' lang='lat' dir='ltr'>extollencia</span> <span class='ocrx_word' id='word_1_147' title='bbox 1041 2029 1176 2083; x_wconf 88' lang='lat' dir='ltr'>Romane</span> <span class='ocrx_word' id='word_1_148' title='bbox 1200 2023 1336 2095; x_wconf 81' lang='lat' dir='ltr'>ecclesie,</span> 
     </span>
     <span class='ocr_line' id='line_1_19' title="bbox 347 2112 1336 2188; baseline -0.001 -19"><span class='ocrx_word' id='word_1_149' title='bbox 347 2112 417 2188; x_wconf 91' lang='lat' dir='ltr'>quia</span> <span class='ocrx_word' id='word_1_150' title='bbox 451 2114 517 2187; x_wconf 94' lang='lat' dir='ltr'>plus</span> <span class='ocrx_word' id='word_1_151' title='bbox 550 2115 709 2170; x_wconf 88' lang='lat' dir='ltr'>attendunt</span> <span class='ocrx_word' id='word_1_152' title='bbox 741 2113 783 2170; x_wconf 91' lang='lat' dir='ltr'>illi</span> <span class='ocrx_word' id='word_1_153' title='bbox 812 2114 864 2187; x_wconf 91' lang='lat' dir='ltr'>qui</span> <span class='ocrx_word' id='word_1_154' title='bbox 897 2115 981 2170; x_wconf 92' lang='lat' dir='ltr'>lucra</span> <span class='ocrx_word' id='word_1_155' title='bbox 1010 2113 1115 2169; x_wconf 90' lang='lat' dir='ltr'>mundi</span> <span class='ocrx_word' id='word_1_156' title='bbox 1145 2113 1266 2188; x_wconf 84' lang='lat' dir='ltr'>sapiunt</span> <span class='ocrx_word' id='word_1_157' title='bbox 1297 2113 1336 2169; x_wconf 86' lang='lat' dir='ltr'>ad</span> 
     </span>
     <span class='ocr_line' id='line_1_20' title="bbox 134 2199 1338 2278; baseline 0 -22"><span class='ocrx_word' id='word_1_158' title='bbox 134 2205 184 2278; x_wconf 63' lang='lat' dir='ltr'>&#39;she</span> <span class='ocrx_word' id='word_1_159' title='bbox 199 2205 263 2278; x_wconf 62' lang='lat' dir='ltr'>etrier</span> <span class='ocrx_word' id='word_1_160' title='bbox 275 2204 331 2246; x_wconf 80' lang='lat' dir='ltr'>tautt</span> <span class='ocrx_word' id='word_1_161' title='bbox 346 2203 425 2274; x_wconf 88' lang='lat' dir='ltr'>leges</span> <span class='ocrx_word' id='word_1_162' title='bbox 455 2203 589 2257; x_wconf 89' lang='lat' dir='ltr'>Romane</span> <span class='ocrx_word' id='word_1_163' title='bbox 627 2199 764 2274; x_wconf 86' lang='lat' dir='ltr'>ecclesie,</span> <span class='ocrx_word' id='word_1_164' title='bbox 797 2220 855 2275; x_wconf 91' lang='lat' dir='ltr'>que</span> <span class='ocrx_word' id='word_1_165' title='bbox 892 2215 962 2257; x_wconf 90' lang='lat' dir='ltr'>sunt</span> <span class='ocrx_word' id='word_1_166' title='bbox 994 2199 1178 2257; x_wconf 89' lang='lat' dir='ltr'>tradiciones</span> <span class='ocrx_word' id='word_1_167' title='bbox 1209 2199 1338 2257; x_wconf 87' lang='lat' dir='ltr'>subdole</span> 
     </span>
     <span class='ocr_line' id='line_1_21' title="bbox 130 2258 1384 2362; baseline -0.008 -10"><span class='ocrx_word' id='word_1_168' title='bbox 130 2258 533 2359; x_wconf 64' lang='lat' dir='ltr'>nollillihlhn,Antichristi,</span> <span class='ocrx_word' id='word_1_169' title='bbox 558 2307 649 2362; x_wconf 92' lang='lat' dir='ltr'>quam</span> <span class='ocrx_word' id='word_1_170' title='bbox 674 2289 834 2346; x_wconf 88' lang='lat' dir='ltr'>attendunt</span> <span class='ocrx_word' id='word_1_171' title='bbox 858 2290 896 2345; x_wconf 89' lang='lat' dir='ltr'>ad</span> <span class='ocrx_word' id='word_1_172' title='bbox 920 2290 1016 2362; x_wconf 83' lang='lat' dir='ltr'>legem</span> <span class='ocrx_word' id='word_1_173' title='bbox 1042 2286 1187 2362; x_wconf 80' lang='lat' dir='ltr'>evangelii</span> <span class='ocrx_word' id='word_1_174' title='bbox 1211 2301 1263 2344; x_wconf 90' lang='lat' dir='ltr'>aut</span> <span class='ocrx_word' id='word_1_175' title='bbox 1278 2287 1384 2345; x_wconf 86' lang='lat' dir='ltr'>vir-20</span> 
     </span>
     <span class='ocr_line' id='line_1_22' title="bbox 347 2375 1337 2450; baseline 0.001 -18"><span class='ocrx_word' id='word_1_176' title='bbox 347 2389 425 2433; x_wconf 92' lang='lat' dir='ltr'>tutes</span> <span class='ocrx_word' id='word_1_177' title='bbox 470 2375 587 2432; x_wconf 91' lang='lat' dir='ltr'>domini</span> <span class='ocrx_word' id='word_1_178' title='bbox 625 2379 693 2432; x_wconf 80' lang='lat' dir='ltr'>iesu</span> <span class='ocrx_word' id='word_1_179' title='bbox 733 2375 855 2447; x_wconf 89' lang='lat' dir='ltr'>Christi,</span> <span class='ocrx_word' id='word_1_180' title='bbox 902 2375 973 2450; x_wconf 93' lang='lat' dir='ltr'>quia</span> <span class='ocrx_word' id='word_1_181' title='bbox 1011 2375 1035 2431; x_wconf 93' lang='lat' dir='ltr'>si</span> <span class='ocrx_word' id='word_1_182' title='bbox 1074 2376 1337 2450; x_wconf 87' lang='lat' dir='ltr'>preponderarent</span> 
     </span>
     <span class='ocr_line' id='line_1_23' title="bbox 347 2461 1338 2536; baseline 0.002 -18"><span class='ocrx_word' id='word_1_183' title='bbox 347 2462 548 2520; x_wconf 87' lang='lat' dir='ltr'>humilitatem</span> <span class='ocrx_word' id='word_1_184' title='bbox 575 2463 708 2534; x_wconf 88' lang='lat' dir='ltr'>Domini,</span> <span class='ocrx_word' id='word_1_185' title='bbox 737 2482 798 2520; x_wconf 93' lang='lat' dir='ltr'>non</span> <span class='ocrx_word' id='word_1_186' title='bbox 823 2464 1039 2519; x_wconf 87' lang='lat' dir='ltr'>contenderent</span> <span class='ocrx_word' id='word_1_187' title='bbox 1067 2461 1147 2519; x_wconf 88' lang='lat' dir='ltr'>circa</span> <span class='ocrx_word' id='word_1_188' title='bbox 1175 2461 1338 2536; x_wconf 81' lang='lat' dir='ltr'>dignitates</span> 
     </span>
     <span class='ocr_line' id='line_1_24' title="bbox 348 2549 1338 2627; baseline 0.002 -22"><span class='ocrx_word' id='word_1_189' title='bbox 348 2549 565 2607; x_wconf 86' lang='lat' dir='ltr'>ecclesiasticas</span> <span class='ocrx_word' id='word_1_190' title='bbox 599 2550 629 2607; x_wconf 94' lang='lat' dir='ltr'>in</span> <span class='ocrx_word' id='word_1_191' title='bbox 659 2554 796 2607; x_wconf 87' lang='lat' dir='ltr'>Romana</span> <span class='ocrx_word' id='word_1_192' title='bbox 825 2549 918 2627; x_wconf 91' lang='lat' dir='ltr'>curia,</span> <span class='ocrx_word' id='word_1_193' title='bbox 952 2568 1008 2607; x_wconf 89' lang='lat' dir='ltr'>nec</span> <span class='ocrx_word' id='word_1_194' title='bbox 1040 2549 1091 2606; x_wconf 89' lang='lat' dir='ltr'>illa</span> <span class='ocrx_word' id='word_1_195' title='bbox 1120 2550 1233 2606; x_wconf 79' lang='lat' dir='ltr'>foveret</span> <span class='ocrx_word' id='word_1_196' title='bbox 1262 2551 1338 2607; x_wconf 85' lang='lat' dir='ltr'>tales</span> 
     </span>
    </p>
   </div>
   <div class='ocr_carea' id='block_1_3' title="bbox 348 2637 1227 2711">
    <p class='ocr_par' dir='ltr' id='par_1_3' title="bbox 348 2637 1227 2711">
     <span class='ocr_line' id='line_1_25' title="bbox 348 2637 1227 2711; baseline 0.005 -18"><span class='ocrx_word' id='word_1_197' title='bbox 348 2638 571 2708; x_wconf 91' lang='lat' dir='ltr'>contenciones,</span> <span class='ocrx_word' id='word_1_198' title='bbox 596 2639 648 2694; x_wconf 92' lang='lat' dir='ltr'>sed</span> <span class='ocrx_word' id='word_1_199' title='bbox 672 2637 751 2711; x_wconf 91' lang='lat' dir='ltr'>ipsas</span> <span class='ocrx_word' id='word_1_200' title='bbox 775 2637 958 2710; x_wconf 78' lang='lat' dir='ltr'>extingueret</span> <span class='ocrx_word' id='word_1_201' title='bbox 982 2637 1058 2694; x_wconf 90' lang='lat' dir='ltr'>sicut</span> <span class='ocrx_word' id='word_1_202' title='bbox 1082 2637 1227 2697; x_wconf 90' lang='lat' dir='ltr'>Christus.</span> 
     </span>
    </p>
   </div>
   <div class='ocr_carea' id='block_1_4' title="bbox 682 2860 1382 2976">
    <p class='ocr_par' dir='ltr' id='par_1_4' title="bbox 682 2860 1382 2976">
     <span class='ocr_line' id='line_1_26' title="bbox 682 2860 1382 2976; baseline -0.003 -1"><span class='ocrx_word' id='word_1_203' title='bbox 682 2912 786 2976; x_wconf 87' lang='lat' dir='ltr'>CAP.</span> <span class='ocrx_word' id='word_1_204' title='bbox 809 2860 1012 2976; x_wconf 46' lang='lat' dir='ltr'>xxxttts</span> <span class='ocrx_word' id='word_1_205' title='bbox 1350 2924 1382 2973; x_wconf 79' lang='lat'>25</span> 
     </span>
    </p>
   </div>
   <div class='ocr_carea' id='block_1_5' title="bbox 348 3056 1383 3899">
    <p class='ocr_par' dir='ltr' id='par_1_5' title="bbox 348 3056 1383 3899">
     <span class='ocr_line' id='line_1_27' title="bbox 392 3056 1337 3131; baseline -0.004 -17"><span class='ocrx_word' id='word_1_206' title='bbox 392 3057 535 3131; x_wconf 86' lang='lat' dir='ltr'>Sequitur</span> <span class='ocrx_word' id='word_1_207' title='bbox 574 3056 603 3112; x_wconf 92' lang='lat' dir='ltr'>in</span> <span class='ocrx_word' id='word_1_208' title='bbox 641 3070 723 3113; x_wconf 84' lang='lat' dir='ltr'>textu</span> <span class='ocrx_word' id='word_1_209' title='bbox 757 3056 916 3129; x_wconf 82' lang='lat' dir='ltr'>evangelii:</span> <span class='ocrx_word' id='word_1_210' title='bbox 962 3057 1039 3112; x_wconf 89' lang='lat' dir='ltr'>Tunc</span> <span class='ocrx_word' id='word_1_211' title='bbox 1073 3056 1190 3113; x_wconf 84' lang='lat' dir='ltr'>tradent</span> <span class='ocrx_word' id='word_1_212' title='bbox 1224 3072 1275 3111; x_wconf 77' lang='lat' dir='ltr'>eos</span> <span class='ocrx_word' id='word_1_213' title='bbox 1308 3056 1337 3110; x_wconf 90' lang='lat' dir='ltr'>in</span> 
     </span>
     <span class='ocr_line' id='line_1_28' title="bbox 348 3142 1338 3212; baseline -0.002 -12"><span class='ocrx_word' id='word_1_214' title='bbox 348 3145 567 3201; x_wconf 84' lang='lat' dir='ltr'>tribulacionem</span> <span class='ocrx_word' id='word_1_215' title='bbox 601 3155 628 3200; x_wconf 91' lang='lat' dir='ltr'>et</span> <span class='ocrx_word' id='word_1_216' title='bbox 660 3144 789 3199; x_wconf 90' lang='lat' dir='ltr'>occident</span> <span class='ocrx_word' id='word_1_217' title='bbox 823 3163 883 3212; x_wconf 78' lang='lat' dir='ltr'>uos,</span> <span class='ocrx_word' id='word_1_218' title='bbox 921 3155 948 3199; x_wconf 91' lang='lat' dir='ltr'>et</span> <span class='ocrx_word' id='word_1_219' title='bbox 981 3144 1062 3199; x_wconf 84' lang='lat' dir='ltr'>eritis</span> <span class='ocrx_word' id='word_1_220' title='bbox 1101 3142 1167 3198; x_wconf 87' lang='lat' dir='ltr'>odio</span> <span class='ocrx_word' id='word_1_221' title='bbox 1205 3142 1338 3199; x_wconf 88' lang='lat' dir='ltr'>onmibus</span> 
     </span>
     <span class='ocr_line' id='line_1_29' title="bbox 349 3229 1338 3311; baseline -0.003 -24"><span class='ocrx_word' id='word_1_222' title='bbox 349 3232 483 3308; x_wconf 81' lang='lat' dir='ltr'>gentibus</span> <span class='ocrx_word' id='word_1_223' title='bbox 504 3243 630 3307; x_wconf 85' lang='lat' dir='ltr'>propter</span> <span class='ocrx_word' id='word_1_224' title='bbox 653 3249 754 3287; x_wconf 87' lang='lat' dir='ltr'>nornen</span> <span class='ocrx_word' id='word_1_225' title='bbox 778 3250 881 3287; x_wconf 90' lang='lat' dir='ltr'>meum.</span> <span class='ocrx_word' id='word_1_226' title='bbox 907 3231 946 3285; x_wconf 85' lang='lat' dir='ltr'>Et</span> <span class='ocrx_word' id='word_1_227' title='bbox 967 3242 1034 3287; x_wconf 90' lang='lat' dir='ltr'>tunc</span> <span class='ocrx_word' id='word_1_228' title='bbox 1058 3229 1338 3311; x_wconf 50' lang='lat' dir='ltr'>scandalizabuntur</span> 
     </span>
     <span class='ocr_line' id='line_1_30' title="bbox 349 3316 1338 3375; baseline 0 -3"><span class='ocrx_word' id='word_1_229' title='bbox 349 3318 433 3375; x_wconf 85' lang='lat' dir='ltr'>nurlti</span> <span class='ocrx_word' id='word_1_230' title='bbox 464 3329 490 3373; x_wconf 91' lang='lat' dir='ltr'>et</span> <span class='ocrx_word' id='word_1_231' title='bbox 519 3319 638 3374; x_wconf 83' lang='lat' dir='ltr'>invicem</span> <span class='ocrx_word' id='word_1_232' title='bbox 668 3320 784 3374; x_wconf 88' lang='lat' dir='ltr'>tradent</span> <span class='ocrx_word' id='word_1_233' title='bbox 811 3330 838 3374; x_wconf 91' lang='lat' dir='ltr'>et</span> <span class='ocrx_word' id='word_1_234' title='bbox 866 3319 931 3373; x_wconf 82' lang='lat' dir='ltr'>odio</span> <span class='ocrx_word' id='word_1_235' title='bbox 962 3319 1104 3374; x_wconf 82' lang='lat' dir='ltr'>habebunt</span> <span class='ocrx_word' id='word_1_236' title='bbox 1132 3317 1263 3375; x_wconf 80' lang='lat' dir='ltr'>invicem.</span> <span class='ocrx_word' id='word_1_237' title='bbox 1296 3316 1338 3372; x_wconf 84' lang='lat' dir='ltr'>Et</span> 
     </span>
     <span class='ocr_line' id='line_1_31' title="bbox 349 3403 1383 3483; baseline -0.004 -23"><span class='ocrx_word' id='word_1_238' title='bbox 349 3406 434 3461; x_wconf 88' lang='lat' dir='ltr'>multi</span> <span class='ocrx_word' id='word_1_239' title='bbox 463 3407 717 3482; x_wconf 80' lang='lat' dir='ltr'>pseudoprophete</span> <span class='ocrx_word' id='word_1_240' title='bbox 753 3417 877 3483; x_wconf 78' lang='lat' dir='ltr'>surgent</span> <span class='ocrx_word' id='word_1_241' title='bbox 914 3417 941 3460; x_wconf 89' lang='lat' dir='ltr'>et</span> <span class='ocrx_word' id='word_1_242' title='bbox 978 3407 1113 3461; x_wconf 86' lang='lat' dir='ltr'>seducent</span> <span class='ocrx_word' id='word_1_243' title='bbox 1145 3404 1262 3460; x_wconf 88' lang='lat' dir='ltr'>multos.</span> <span class='ocrx_word' id='word_1_244' title='bbox 1296 3403 1338 3460; x_wconf 87' lang='lat' dir='ltr'>Et</span> <span class='ocrx_word' id='word_1_245' title='bbox 1349 3412 1383 3462; x_wconf 84' lang='lat'>30</span> 
     </span>
     <span class='ocr_line' id='line_1_32' title="bbox 349 3492 1336 3569; baseline 0.003 -21"><span class='ocrx_word' id='word_1_246' title='bbox 349 3493 482 3567; x_wconf 81' lang='lat' dir='ltr'>quoniam</span> <span class='ocrx_word' id='word_1_247' title='bbox 499 3492 656 3550; x_wconf 82' lang='lat' dir='ltr'>abundabit</span> <span class='ocrx_word' id='word_1_248' title='bbox 672 3493 816 3568; x_wconf 82' lang='lat' dir='ltr'>iniquitas,</span> <span class='ocrx_word' id='word_1_249' title='bbox 839 3494 1014 3569; x_wconf 79' lang='lat' dir='ltr'>refrigescet</span> <span class='ocrx_word' id='word_1_250' title='bbox 1035 3492 1145 3549; x_wconf 85' lang='lat' dir='ltr'>caritas</span> <span class='ocrx_word' id='word_1_251' title='bbox 1165 3492 1336 3551; x_wconf 85' lang='lat' dir='ltr'>multorum.</span> 
     </span>
     <span class='ocr_line' id='line_1_33' title="bbox 353 3578 1335 3657; baseline -0.002 -21"><span class='ocrx_word' id='word_1_252' title='bbox 353 3580 412 3649; x_wconf 81' lang='lat' dir='ltr'>Qui</span> <span class='ocrx_word' id='word_1_253' title='bbox 432 3592 526 3637; x_wconf 88' lang='lat' dir='ltr'>autem</span> <span class='ocrx_word' id='word_1_254' title='bbox 547 3582 785 3657; x_wconf 77' lang='lat' dir='ltr'>perseveraverit</span> <span class='ocrx_word' id='word_1_255' title='bbox 806 3599 894 3656; x_wconf 84' lang='lat' dir='ltr'>usque</span> <span class='ocrx_word' id='word_1_256' title='bbox 916 3581 944 3636; x_wconf 88' lang='lat' dir='ltr'>in</span> <span class='ocrx_word' id='word_1_257' title='bbox 959 3581 1062 3657; x_wconf 83' lang='lat' dir='ltr'>finem,</span> <span class='ocrx_word' id='word_1_258' title='bbox 1087 3579 1132 3636; x_wconf 85' lang='lat' dir='ltr'>hic</span> <span class='ocrx_word' id='word_1_259' title='bbox 1147 3579 1247 3635; x_wconf 79' lang='lat' dir='ltr'>saluus</span> <span class='ocrx_word' id='word_1_260' title='bbox 1270 3578 1335 3635; x_wconf 76' lang='lat' dir='ltr'>erit,</span> 
     </span>
     <span class='ocr_line' id='line_1_34' title="bbox 348 3665 1338 3745; baseline -0.002 -21"><span class='ocrx_word' id='word_1_261' title='bbox 348 3668 388 3724; x_wconf 85' lang='lat' dir='ltr'>Et</span> <span class='ocrx_word' id='word_1_262' title='bbox 413 3669 617 3744; x_wconf 81' lang='lat' dir='ltr'>predicabitnr</span> <span class='ocrx_word' id='word_1_263' title='bbox 645 3669 698 3724; x_wconf 89' lang='lat' dir='ltr'>hoc</span> <span class='ocrx_word' id='word_1_264' title='bbox 728 3668 911 3744; x_wconf 76' lang='lat' dir='ltr'>euangelium</span> <span class='ocrx_word' id='word_1_265' title='bbox 936 3668 1023 3745; x_wconf 74' lang='lat' dir='ltr'>regui</span> <span class='ocrx_word' id='word_1_266' title='bbox 1050 3668 1077 3722; x_wconf 91' lang='lat' dir='ltr'>in</span> <span class='ocrx_word' id='word_1_267' title='bbox 1107 3666 1243 3722; x_wconf 84' lang='lat' dir='ltr'>urtiuerso</span> <span class='ocrx_word' id='word_1_268' title='bbox 1266 3665 1338 3722; x_wconf 85' lang='lat' dir='ltr'>orbe</span> 
     </span>
     <span class='ocr_line' id='line_1_35' title="bbox 348 3754 1337 3833; baseline -0.002 -23"><span class='ocrx_word' id='word_1_269' title='bbox 348 3756 376 3811; x_wconf 90' lang='lat' dir='ltr'>in</span> <span class='ocrx_word' id='word_1_270' title='bbox 406 3757 598 3812; x_wconf 87' lang='lat' dir='ltr'>testimoninm</span> <span class='ocrx_word' id='word_1_271' title='bbox 623 3755 754 3812; x_wconf 85' lang='lat' dir='ltr'>onmibus</span> <span class='ocrx_word' id='word_1_272' title='bbox 776 3756 920 3833; x_wconf 74' lang='lat' dir='ltr'>pentibus,</span> <span class='ocrx_word' id='word_1_273' title='bbox 949 3766 976 3810; x_wconf 91' lang='lat' dir='ltr'>et</span> <span class='ocrx_word' id='word_1_274' title='bbox 999 3766 1066 3811; x_wconf 90' lang='lat' dir='ltr'>tunc</span> <span class='ocrx_word' id='word_1_275' title='bbox 1090 3754 1180 3810; x_wconf 80' lang='lat' dir='ltr'>reniet</span> <span class='ocrx_word' id='word_1_276' title='bbox 1203 3771 1337 3810; x_wconf 89' lang='lat' dir='ltr'>consum·</span> 
     </span>
     <span class='ocr_line' id='line_1_36' title="bbox 349 3838 1379 3899; baseline -0.006 -3"><span class='ocrx_word' id='word_1_277' title='bbox 349 3843 450 3899; x_wconf 84' lang='lat' dir='ltr'>mario.</span> <span class='ocrx_word' id='word_1_278' title='bbox 1347 3838 1379 3891; x_wconf 80' lang='lat'>35</span> 
     </span>
    </p>
   </div>
   <div class='ocr_carea' id='block_1_6' title="bbox 349 4149 1335 4248">
    <p class='ocr_par' dir='ltr' id='par_1_6' title="bbox 349 4149 1335 4248">
     <span class='ocr_line' id='line_1_37' title="bbox 399 4149 1335 4214; baseline 0 -20"><span class='ocrx_word' id='word_1_279' title='bbox 399 4151 425 4214; x_wconf 77' lang='lat'>.²5</span> <span class='ocrx_word' id='word_1_280' title='bbox 448 4150 664 4212; x_wconf 22' lang='lat' dir='ltr'>BUInmargapp.</span> <span class='ocrx_word' id='word_1_281' title='bbox 732 4149 988 4205; x_wconf 78' lang='lat' dir='ltr'>26-27.A:r&#39;n-vos</span> <span class='ocrx_word' id='word_1_282' title='bbox 1003 4151 1075 4194; x_wconf 87' lang='lat' dir='ltr'>deest.</span> <span class='ocrx_word' id='word_1_283' title='bbox 1119 4149 1335 4211; x_wconf 59' lang='lat' dir='ltr'>,34.A:ettuuc</span> 
     </span>
     <span class='ocr_line' id='line_1_38' title="bbox 349 4208 513 4248; baseline -0.012 -1"><span class='ocrx_word' id='word_1_284' title='bbox 349 4208 426 4248; x_wconf 78' lang='lat' dir='ltr'>vereret</span> <span class='ocrx_word' id='word_1_285' title='bbox 439 4211 513 4245; x_wconf 81' lang='lat' dir='ltr'>twice.</span> 
     </span>
    </p>
   </div>
   <div class='ocr_carea' id='block_1_7' title="bbox 404 4399 772 4466">
    <p class='ocr_par' dir='ltr' id='par_1_7' title="bbox 404 4399 772 4466">
     <span class='ocr_line' id='line_1_39' title="bbox 404 4399 772 4466; baseline -0.008 -16"><span class='ocrx_word' id='word_1_286' title='bbox 404 4399 435 4450; x_wconf 73' lang='lat' dir='ltr'>nti</span> <span class='ocrx_word' id='word_1_287' title='bbox 463 4400 552 4450; x_wconf 86' lang='lat' dir='ltr'>Matth.</span> <span class='ocrx_word' id='word_1_288' title='bbox 569 4400 659 4461; x_wconf 83' lang='lat' dir='ltr'>xxtV,</span> <span class='ocrx_word' id='word_1_289' title='bbox 678 4416 722 4466; x_wconf 78' lang='lat' dir='ltr'>n·</span> <span class='ocrx_word' id='word_1_290' title='bbox 737 4416 772 4461; x_wconf 84' lang='lat' dir='ltr'>¹t·</span> 
     </span>
    </p>
   </div>
   <div class='ocr_carea' id='block_1_8' title="bbox 0 0 1562 5130">
    <p class='ocr_par' dir='ltr' id='par_1_8' title="bbox 0 0 1562 5130">
     <span class='ocr_line' id='line_1_40' title="bbox 0 0 1562 5130; baseline 0 0"><span class='ocrx_word' id='word_1_291' title='bbox 0 0 1562 5130; x_wconf 95' lang='lat' dir='ltr'> </span> 
     </span>
    </p>
   </div>
  </div>
 </body>
</html>
