3098 5130
157 509 224 553 cte.
241 494 306 582 nn]
447 515 491 564 m:
511 513 748 565 ANthttRISTo
771 515 832 565 ein.
854 515 871 563 1.

157 693 206 731 eos
228 693 316 751 opere
338 676 416 750 qnod
450 676 545 731 verbis
572 676 722 747 docebant,
754 675 913 731 revertitur
939 677 979 730 ad
1006 675 1143 732 vomitum

158 780 257 819 sensus
288 773 315 818 et
348 762 466 840 gentilis
482 763 587 836 sactus
608 763 693 838 quasi
711 763 920 838 prevaricator
944 763 1050 818 maiori
1068 781 1144 838 pena

159 851 266 927 dignus
282 850 346 909 erit.
368 850 463 905 Filius
485 861 579 906 antem
604 861 726 907 vocatur
749 851 876 918 iehenrn,
900 850 1044 924 quomodo
1060 850 1147 927 filius

156 937 336 1013 perdicionis
359 949 386 994 et
400 937 486 1015 filius
509 937 594 993 huius
616 938 716 994 seculi.
745 937 943 1013 Unusquisque
966 938 1040 993 enim
1065 937 1147 993 cuius

135 1029 249 1100 §opera
272 1024 336 1103 agit
360 1024 422 1080 eius
435 1024 522 1101 filins
546 1025 723 1101 appellatur.
748 1026 811 1082 Hec
834 1028 1026 1098 leronymus.

203 1114 263 1170 Sed
296 1129 387 1186 super
414 1110 472 1168 isto
505 1124 587 1168 textu
620 1111 824 1169 Crisostomus
856 1111 897 1169 ita
920 1111 1039 1169 scribit:
1062 1111 1149 1167 Judei

160 1200 235 1255 enim
268 1199 426 1274 ubicunque
457 1199 592 1255 videbant
618 1199 742 1277 gentiles
761 1199 914 1275 proposita
938 1199 1084 1274 questione
1113 1199 1148 1254 de

162 1288 285 1343 veritate
313 1287 396 1342 unius
419 1286 478 1342 Dei
500 1297 526 1342 et
551 1287 586 1342 de
609 1287 737 1344 vanitate
768 1287 915 1344 idolorum
931 1286 1028 1360 sacile
1051 1285 1148 1361 dispu-

162 1385 256 1430 tantes
280 1374 437 1430 vincebant.
477 1374 539 1430 Nec
570 1373 645 1430 enim
675 1375 760 1431 labor
791 1381 833 1432 est
865 1385 967 1430 contra
991 1373 1147 1430 vanitatem

123 1461 308 1519 ioidolorum
330 1479 388 1537 pro
411 1460 568 1534 manifesta
593 1461 690 1518 dicere
713 1461 770 1517 Dei
792 1461 876 1517 unius
893 1461 1054 1528 veritatem,
1084 1478 1148 1516 cum

163 1549 213 1605 ille
235 1549 284 1623 qui
306 1549 375 1605 dicit
399 1548 497 1626 magis
519 1547 675 1628 adiuvetur
706 1550 742 1605 ab
765 1566 798 1604 ea
827 1566 911 1623 qnam
936 1548 1052 1604 adiuvet
1075 1565 1149 1603 eam.

168 1637 275 1692 Tamen
308 1635 498 1713 corrigebant
530 1654 593 1691 eum
611 1637 699 1710 sorte
720 1636 773 1692 sed
795 1654 851 1693 non
871 1647 998 1711 propter
1019 1635 1149 1712 gloriam

165 1723 222 1778 Dei
244 1733 274 1778 ut
293 1723 402 1779 additis
417 1723 578 1779 cultoribus
594 1724 765 1795 honoretur,
788 1741 876 1799 neque
896 1733 1023 1798 propter
1038 1722 1151 1778 miscri-

165 1810 296 1866 cordiam
332 1811 459 1866 volentes
492 1827 555 1865 eum
587 1812 705 1867 salvare
739 1828 821 1885 quem
856 1810 995 1867 docebant
1026 1810 1079 1866 sed
1102 1819 1152 1864 aut

126 1901 287 1973 ibpropter
309 1897 470 1953 avariciam
505 1909 535 1953 nt
558 1898 666 1954 additis
698 1898 725 1954 in
760 1916 922 1977 synagoga
946 1897 1038 1953 iudeis
1060 1896 1152 1953 sacri·

165 1984 298 2053 hciornm
322 1984 482 2040 adderetur
505 1985 618 2040 oblacio
654 1996 703 2041 aut
734 1996 861 2060 propter
895 2003 998 2041 vanam
1022 1985 1152 2062 gloriam

167 2083 197 2127 ut
220 2072 312 2147 ipsum
338 2071 492 2128 videantur
514 2072 654 2149 gentilem
675 2072 806 2147 potuisse
828 2072 998 2150 corrigere;
1030 2072 1104 2128 sicut
1127 2082 1154 2126 et

167 2177 241 2215 nunc
255 2159 376 2235 jaciunt
399 2159 520 2215 heretici
541 2159 725 2225 sacerdotes;
752 2170 802 2214 aut
822 2158 1066 2234 promissionibus
1090 2177 1153 2214 cor·

169 2257 308 2322 rumpunt
331 2256 382 2301 aut
405 2246 489 2302 minis
512 2256 634 2317 terrent,
657 2265 713 2303 non
734 2258 859 2321 propter
874 2246 1003 2324 gloriam
1028 2246 1086 2301 Dei
1108 2263 1154 2300 ne·

125 2351 222 2409 20que
253 2333 289 2389 de
320 2332 494 2410 ignorancia
527 2334 674 2389 hominum
708 2334 836 2389 dolentes
867 2334 920 2389 sed
951 2345 1001 2389 ant
1030 2343 1156 2409 propter

168 2420 329 2476 avariciam
363 2431 413 2475 aut
437 2439 541 2476 vanam
564 2421 694 2498 gloriam
723 2431 753 2475 ut
777 2420 931 2476 videantur
951 2421 1080 2495 potuisse
1103 2420 1156 2475 ali·

168 2526 239 2583 qnos
262 2507 425 2585 corrigere.
454 2507 588 2582 Alioquin
611 2508 661 2584 qui
679 2518 805 2583 propter
828 2507 923 2563 Deum
948 2509 1010 2563 vult
1032 2507 1155 2582 aliquem

170 2594 325 2672 corrigere
355 2606 406 2650 ant
443 2596 492 2670 qui
511 2606 636 2671 propter
670 2595 835 2661 vanitatem,
868 2613 907 2651 ex
939 2595 1010 2670 ipsis
1047 2594 1157 2650 actibus

172 2681 299 2737 docentis
319 2681 490 2738 ostenditur.
520 2682 644 2750 Quando
661 2682 734 2737 enim
751 2683 812 2758 ipse
828 2683 855 2738 in
871 2682 1024 2738 sanctitate
1038 2699 1158 2738 conver·

128 2772 265 2840 absatur,
296 2787 449 2846 cognosce,
482 2769 616 2844 quoniam
649 2780 797 2826 errantem
827 2780 952 2845 propter
974 2769 1069 2825 Deum
1093 2786 1158 2824 cor-

172 2856 272 2934 rigere
306 2856 383 2925 vult;
413 2857 440 2912 si
470 2868 566 2913 autem
598 2857 659 2932 ipse
683 2858 710 2912 in
735 2857 821 2913 nralis
844 2867 990 2927 versatur,
1014 2856 1158 2931 quomodo

172 2943 297 2999 alterum
317 2955 443 3020 propter
465 2944 561 2999 Deum
585 2945 741 3021 corrigere
768 2944 835 3000 velit
856 2944 896 2999 ad
915 2944 1044 3000 homme?
1066 2943 1160 2998 Num·

173 3030 241 3105 qnid
273 3031 370 3108 magis
402 3030 570 3088 misericors
597 3042 694 3107 potest
725 3031 831 3106 aliquis
862 3049 924 3088 esse
955 3031 1044 3086 alteri
1074 3048 1159 3105 quam

173 3117 250 3173 sibi?
283 3119 340 3173 Aut
365 3118 413 3192 qui
442 3136 474 3174 se
505 3119 599 3194 ipsum
635 3119 743 3196 mergit
767 3120 794 3173 iu
817 3119 941 3196 gurgite
960 3129 1159 3194 peccatorum,

132 3210 164 3259 30
175 3206 318 3278 quomodo
342 3206 467 3260 alterum
493 3206 530 3262 de
548 3206 677 3282 peccatis
701 3207 769 3262 velit
796 3206 933 3281 eripere?
963 3206 1074 3262 Facitis
1097 3223 1160 3260 enm

174 3291 273 3368 filium
297 3293 428 3369 gehenne
451 3293 539 3368 dtcplo
572 3312 657 3368 quam
683 3312 733 3350 vos
761 3294 836 3350 estis.
866 3293 905 3347 Et
929 3292 977 3367 qui
992 3292 1079 3367 sorte
1110 3292 1162 3347 sub

175 3380 290 3435 cultura
323 3380 470 3435 idolorum
504 3381 674 3437 constitutus
707 3381 752 3435 vel
782 3391 908 3455 propter
936 3381 1010 3436 alios
1033 3380 1162 3435 homines

176 3466 317 3522 iusticiam
341 3467 478 3523 servabat
494 3467 599 3540 sactus
621 3467 673 3522 sub
691 3467 755 3524 Deo
780 3468 924 3523 malorum
949 3468 1162 3545 magistrorum

177 3555 312 3628 exemplo
340 3565 521 3629 provocatus
543 3554 583 3631 fit
612 3554 698 3630 peior
729 3555 891 3632 magistris,
916 3566 943 3611 et
965 3554 1007 3611 sic
1029 3555 1164 3630 impietas

135 3641 387 3716 lidiscipulornm
412 3641 573 3716 imputatur
597 3642 758 3718 magistris.
782 3641 840 3697 Attt
862 3642 920 3698 sie:
947 3642 1048 3697 Omnis
1069 3642 1164 3718 genti-

179 3728 213 3783 lis
237 3728 264 3783 in
287 3729 392 3804 simplo
408 3739 450 3784 est
464 3729 550 3804 filins
572 3729 700 3800 ieheune,
724 3730 789 3804 qnia
808 3729 974 3809 ydolorum
993 3740 1033 3783 est
1058 3729 1162 3784 cultor.

180 3815 248 3871 Item
281 3816 367 3871 Judei
388 3817 416 3870 in
439 3816 544 3891 simplo
577 3828 660 3871 erant
683 3817 746 3893 filii
768 3817 894 3887 iehenne,
928 3816 994 3891 qnia
1027 3834 1082 3871 nou
1103 3834 1164 3870 cre-

179 3903 283 3958 debant
307 3904 334 3958 in
362 3903 521 3959 Christum.
559 3903 727 3980 Quicunque
749 3922 823 3980 ergo
848 3921 886 3960 ex
907 3903 1041 3980 gentibus
1063 3903 1165 3957 adiun-

179 3991 324 4067 gebantur
345 3990 455 4057 laticis,
479 4009 534 4046 uon
558 3991 652 4047 solum
676 4010 731 4046 non
747 3990 987 4065 itestijicabantnr‚
1017 4008 1069 4046 nec
1091 3990 1165 4045 enim

232 4248 252 4279 2.
271 4239 307 4279 A:
326 4236 424 4279 maiore.
492 4237 515 4278 6.
530 4239 552 4279 Α
566 4237 588 4279 ἰιι
605 4247 691 4291 marga
709 4235 877 4289 Crysostornns.
946 4235 967 4278 8.
982 4236 1011 4278 A:
1027 4235 1095 4277 unius
1109 4235 1166 4277 diei.

183 4302 213 4331 ιο.
229 4291 264 4332 h:
280 4289 358 4331 dicere
372 4289 444 4330 deest.
498 4287 531 4330 23.
546 4289 579 4331 h:
594 4292 636 4330 aut
648 4293 754 4343 propter.
810 4300 845 4339 et.
858 4288 886 4330 lt:
903 4287 1043 4330 docentibus.
1086 4298 1120 4341 27·
1136 4288 1166 4329 lt:

182 4343 227 4383 vult
241 4340 273 4382 ad
285 4341 376 4383 bonum.
430 4353 465 4394 uo.
482 4341 514 4382 A:
531 4341 643 4396 intelligit
657 4340 790 4395 irmnrgr'te.
860 4338 891 4383 35.
908 4342 940 4381 A:
958 4339 987 4381 tu
999 4341 1039 4381 sic.

235 4449 258 4497 o.
278 4451 330 4514 Op.
351 4450 415 4514 lmp.
434 4451 450 4497 l.
470 4465 491 4498 c.
512 4465 536 4513 p.
557 4449 719 4498 CLXXXVII
740 4449 792 4511 (ed.
813 4448 856 4496 alt.
876 4463 901 4511 p.
921 4448 993 4514 9²⁸)-

1175 1103 1343 1158 chrysostom:

1157 1156 1208 1199 The
1222 1155 1322 1198 motivas
1337 1156 1361 1197 ol

1179 1207 1300 1266 l‘tmrisces
1315 1207 1337 1248 in

1218 1261 1312 1313 making

1192 1312 1328 1367 proselytes.
