3098 5130
137 2720 189 2764 The
204 2725 286 2762 mutter
300 2719 320 2761 is

144 2771 263 2821 doubtlu13
280 2783 315 2813 we

188 2824 275 2867 believe

153 2877 268 2929 scripture
283 2887 309 2917 as

157 2936 208 2971 true
223 2928 247 2970 in
262 2928 300 2971 tlte

568 478 658 529 orus
676 477 930 529 uvuuouucuu
950 477 1013 528 us.
1033 476 1074 528 111.
1164 459 1249 544 [err.
1265 471 1331 517 xxi.

335 650 363 695 et
393 638 499 694 altaris
530 639 591 695 siue
617 639 645 694 in
669 650 828 715 portarum
856 639 982 696 exitibus
1004 656 1059 716 que
1081 638 1192 696 Siloam
1216 638 1333 694 ducunt

336 726 426 782 rubra
459 743 534 782 saxa
567 737 761 783 monstrantes
794 726 917 782 ZacarIe
950 725 1093 805 sangnine
1126 736 1232 802 putant
1264 742 1334 781 esse

332 813 457 890 polluta.

379 901 446 956 Non
470 900 715 975 condempnamus
737 918 871 958 errorem
900 900 948 976 qui
970 900 1006 955 de
1028 899 1095 956 odio
1117 898 1275 955 Iudeornm
1301 909 1333 954 et

336 987 405 1052 fidei
434 987 543 1063 pietate
574 988 730 1044 descendit.
763 987 905 1044 Dicamus
936 986 1065 1043 breuiter
1091 1003 1183 1062 qnare
1203 985 1361 1063 sangnisS

337 1074 409 1130 Abel
439 1074 507 1129 iusti
539 1092 627 1150 usque
657 1075 697 1131 ad
719 1074 895 1131 Zachariam
915 1074 1015 1151 silium
1044 1073 1191 1130 Baraclrie
1212 1072 1251 1128 ab
1274 1072 1332 1128 illa

335 1162 531 1241 generacione
562 1162 740 1237 requiratur,
773 1180 837 1218 cnm
870 1172 1003 1218 nentrum
1036 1178 1137 1218 eorum
1176 1159 1331 1216 occiderit.

336 1249 453 1327 Regula
476 1248 691 1325 scripturorum
715 1259 758 1305 est
781 1249 855 1305 duas
869 1248 1078 1326 generaciones
1095 1264 1214 1324 ponere,
1239 1247 1333 1304 bono-

337 1354 402 1391 rum
436 1335 483 1391 uel
505 1336 661 1407 malorum,
694 1354 788 1407 nosce,
819 1336 873 1392 lroc
896 1346 948 1407 est,
975 1334 1160 1412 singulorum
1183 1333 1332 1412 singulas.

336 1423 383 1478 De
412 1423 494 1480 bonis
524 1441 675 1478 sumamus
701 1424 854 1498 exempla:
887 1423 959 1491 Quis
986 1422 1122 1479 ascendet
1144 1421 1172 1477 in
1200 1431 1332 1478 montem
1349 1442 1380 1476 ιο

336 1510 479 1566 Domini?
501 1521 552 1565 aru
573 1510 637 1585 quis
659 1510 817 1584 requiescet
840 1510 868 1566 in
892 1520 1108 1566 montesancto
1131 1508 1213 1565 eius?
1240 1508 1333 1563 Cum·

336 1616 391 1672 que
409 1597 513 1672 plures
535 1597 584 1671 qui
605 1597 757 1653 ascensuri
777 1607 843 1653 sunt
866 1597 894 1653 in
918 1608 1044 1654 montem
1061 1595 1182 1651 Domini
1196 1594 1332 1672 descrip-

336 1684 420 1740 sisset
443 1683 492 1757 qui
518 1683 642 1739 diuersis
656 1685 749 1758 snare
771 1684 902 1759 cratibus,
932 1694 1035 1761 postea
1062 1683 1169 1758 insert:
1199 1681 1266 1739 Hec
1287 1693 1334 1738 est

336 1771 493 1848 generacio
517 1771 699 1844 querencium
729 1771 897 1842 Dominum,
930 1770 1112 1846 querencium
1135 1768 1249 1844 sociem
1272 1769 1336 1825 Dei

338 1858 432 1914 Iacob.
464 1857 504 1913 Et
526 1857 554 1913 in
578 1857 637 1913 alio
660 1858 723 1913 loco
741 1858 776 1914 de
791 1857 923 1916 omnibus
937 1858 1062 1915 sanctis:
1087 1857 1249 1914 Generacio
1265 1862 1376 1914 rec-15

337 1956 434 2001 torum
468 1946 514 2001 vel
536 1946 677 2001 iustorum
709 1945 902 2004 benedicetur.
935 1946 982 2002 De
1013 1945 1101 2001 malis
1133 1962 1213 2017 uero,
1246 1954 1276 1999 ut
1302 1943 1332 2000 in

335 2032 468 2107 presenti
489 2033 569 2089 loco:
604 2032 765 2088 Generacio
789 2033 968 2110 viperarum.
997 2032 1037 2088 Et
1060 2031 1245 2107 requirentur
1267 2049 1333 2088 om·

340 2119 387 2174 nia
410 2138 427 2174 a
450 2119 644 2197 generacione
666 2120 731 2175 ista.
755 2119 795 2175 Et
817 2120 845 2176 in
869 2119 1008 2200 quclriel
1026 2138 1090 2176 cum
1105 2129 1226 2196 peccata
1249 2130 1334 2176 terre

340 2206 550 2283 descripsisset,
573 2225 669 2264 sermo
689 2207 879 2282 propheticus
901 2207 1021 2263 adiecit:
1044 2206 1078 2261 Si
1097 2206 1160 2262 Noe
1182 2216 1209 2263 et
1222 2205 1279 2287 ,tot
1304 2218 1334 2263 et

340 2294 449 2350 Daniel
480 2294 528 2350 uti
549 2294 668 2369 suerint
700 2294 817 2363 inuenti,
849 2313 904 2350 non
937 2293 1081 2350 dimittam
1106 2302 1228 2370 peccata
1251 2302 1380 2351 terreno

340 2381 392 2436 illi.
430 2381 537 2438 Omnes
559 2382 649 2438 iustos
672 2381 721 2455 qui
741 2381 850 2437 similes
866 2380 973 2455 soreut
1000 2381 1028 2436 in
1053 2379 1208 2436 uirtutibus
1228 2397 1333 2436 eorum

341 2469 414 2540 Noe,
438 2469 547 2526 Daniel
563 2481 590 2525 et
607 2468 656 2525 lot
679 2468 776 2525 uolens
791 2467 926 2545 intelligi.
950 2467 1037 2545 Ergo
1057 2478 1085 2524 et
1099 2467 1148 2523 isti
1160 2466 1212 2543 qui
1222 2466 1333 2523 similia

346 2556 427 2612 Caini
452 2567 479 2612 et
502 2556 569 2613 Ioas
591 2566 693 2612 contra
716 2555 864 2631 apostolos
889 2566 1045 2632 gesserunt
1068 2556 1105 2611 de
1127 2572 1183 2609 nna
1204 2571 1334 2631 genera·

342 2643 422 2699 cione
445 2660 507 2699 esse
530 2644 709 2717 reseruntur.
736 2644 798 2699 Hec
821 2643 1007 2715 leronymus.

387 2729 513 2785 Videtur
529 2728 619 2785 istum
644 2743 792 2800 sanctum,
816 2728 863 2785 cui
885 2730 1069 2785 credendum
1095 2740 1138 2785 est
1160 2726 1379 2802 speclaliter25

344 2816 390 2872 in*
414 2815 472 2872 ista
516 2816 643 2873 materia
686 2815 758 2890 quia
800 2814 856 2872 luit
894 2834 1021 2890 magnus
1059 2814 1334 2891 historiographus,

345 2902 457 2960 sentire
500 2905 582 2978 quod
625 2903 680 2959 iste
718 2902 859 2960 Zacarias
897 2921 987 2977 quem
1030 2901 1218 2977 evangelium
1257 2900 1333 2958 dicit

136 2993 202 3024 ⁵⁰⁰⁸⁸
216 2980 240 3023 ¹¹¹
256 2980 330 3023 Μ
346 2989 435 3047 fuisse
460 2989 555 3046 filium
579 2990 726 3047 Barachie
758 2989 813 3046 suit
847 2990 925 3046 filius
949 2989 1063 3062 loiade3
1095 2992 1147 3046 sed
1179 2986 1334 3065 quiahoc

138 3033 190 3075 (lod
206 3040 282 3075 meatu
297 3033 321 3074 it.

347 3090 477 3134 nonest
502 3077 575 3134 fides
609 3076 767 3152 scripture,
800 3077 869 3134 ideo
902 3077 1082 3151 capiendum
1107 3089 1152 3134 est
1174 3089 1334 3150 tamquam

346 3163 504 3239 probabile
537 3164 611 3221 citra
646 3164 754 3237 fidem,
787 3164 1005 3239 quiescendum
1039 3176 1084 3220 est
1116 3180 1188 3237 ergo
1219 3161 1251 3219 in
1273 3160 1382 3221 istalo

347 3251 406 3307 fide
439 3253 521 3325 quod
546 3253 601 3309 hec
634 3251 783 3326 scriptura
815 3250 893 3308 sicut
925 3251 1059 3326 quelibet
1091 3250 1150 3307 alia
1177 3266 1264 3307 sacra
1287 3262 1335 3307 est

346 3356 417 3394 vera
449 3340 487 3395 ad
524 3357 643 3395 sensum
682 3357 771 3413 quern
806 3341 886 3395 Deus
918 3336 1017 3412 primo
1054 3337 1233 3395 Intenderat.
1272 3337 1335 3393 Sed

349 3439 449 3481 utrum
483 3426 539 3482 iste
572 3444 675 3482 sensus
714 3425 769 3482 suit
808 3444 912 3483 sensus
946 3425 999 3481 Dei
1037 3425 1085 3482 vel
1117 3423 1204 3500 alius,
1244 3422 1335 3481 multi

348 3513 545 3587 probabiliter
577 3512 735 3587 quiescunt
769 3512 799 3569 in
828 3512 1022 3587 opinionibus
1051 3511 1127 3569 citra
1150 3510 1253 3583 fidem,
1276 3528 1335 3568 nec

348 3614 392 3656 est
416 3600 446 3656 in
470 3600 527 3657 isto
550 3600 729 3674 periculum.
1346 3606 1381 3658 35

392 3689 450 3744 Sed
476 3707 531 3762 pro
554 3706 643 3745 sensu
668 3687 814 3762 evangelii
838 3686 963 3745 ulterius
988 3700 1032 3743 est
1055 3686 1224 3743 notandum
1250 3686 1335 3760 quod

350 3794 413 3832 mos
438 3789 482 3832 est
506 3775 654 3850 scripture
678 3794 771 3845 sacre,
806 3794 874 3832 cum
900 3774 930 3830 in
954 3792 1084 3848 persona
1108 3771 1164 3829 Dei
1187 3771 1335 3846 loquitur,

348 3862 395 3918 cui
429 3878 537 3921 cuncta
570 3876 641 3919 sunt
674 3862 830 3937 presencia
863 3863 1022 3919 extendere
1059 3862 1150 3917 verba
1185 3859 1337 3934 presentis

402 4208 417 4238 1.
433 4195 462 4238 B:
478 4195 551 4238 Silou.
632 4205 653 4249 7.
673 4194 702 4239 B:
723 4198 844 4248 queratur.
925 4206 948 4249 9.
968 4194 997 4237 B:
1020 4206 1096 4239 nosse.
1175 4204 1205 4238 12.
1230 4192 1261 4239 tt:
1281 4196 1340 4241 tint.

301 4250 305 4255 '
348 4258 382 4292 us.
398 4248 428 4290 B:
444 4249 507 4303 quia.
575 4260 611 4301 24.
627 4248 685 4290 Ain
703 4258 789 4301 uturp:
802 4245 931 4291 lohannes.

401 4408 425 4459 6.
445 4409 540 4459 Psalm.
563 4408 627 4469 CXI,
648 4424 670 4457 ε,
729 4424 766 4457 ro.
787 4410 883 4458 l‘salm.
902 4409 990 4471 XXIII,
1010 4411 1033 4460 3.
1092 4410 1129 4458 ι8.
1148 4408 1194 4459 Ea.
1204 4408 1276 4471 XIV,
1299 4425 1341 4477 14.
