3098 5130
228 485 295 530 cat.
311 474 426 559 xtvnl]
515 494 559 543 ue
579 493 818 544 nu‘ricnrtrsro
839 495 903 544 tre.
923 496 939 544 1.

228 653 280 708 sed
303 651 370 724 plus
386 653 484 724 obest;
506 667 534 709 et
559 654 613 709 hec
635 653 768 710 creditur
789 671 852 711 esse
870 655 952 712 racio
969 675 1062 730 quare
1079 657 1215 716 christia-

228 739 343 794 nismus
377 738 407 794 in
440 738 550 795 talibus
576 740 842 813 persecucionibus
874 742 966 799 seculi
1000 757 1028 800 et
1052 744 1117 800 aliis
1135 764 1215 803 mor-

228 827 307 881 tibus
330 824 372 881 sic
396 825 529 899 punitur.
568 829 604 883 Et
637 846 704 884 cum
730 841 850 903 oportet
884 829 988 886 omnia
1017 831 1070 887 hec
1095 832 1215 889 donaa

230 917 291 969 Deo
315 915 479 986 procedere
512 928 540 970 et
574 933 635 970 non
659 928 702 972 est
728 915 859 972 medium
885 918 922 972 ad
948 916 1172 990 impetrandum
1198 938 1215 976 a

205 1003 291 1056 §Deo
316 1000 345 1055 in
369 1000 427 1057 hoc
451 999 636 1057 adiutorium
662 1002 718 1059 nisi
748 1003 793 1060 vel
817 1021 850 1059 ex
871 1003 1017 1077 dignitate
1041 1004 1145 1080 populi
1169 1007 1216 1062 vel

228 1107 261 1143 ex
285 1086 432 1161 dignitate
449 1087 621 1145 huiusmodi
645 1089 821 1159 sacerdotis,
846 1090 964 1147 videtur
988 1093 1069 1166 quod
1092 1110 1215 1150 necesse

228 1188 273 1231 est
298 1173 560 1248 perturbacionem
586 1189 615 1233 et
644 1177 745 1250 gracie
769 1176 963 1252 caritatisque
988 1179 1159 1236 carenciam
1183 1178 1214 1236 in

228 1263 341 1337 populo
364 1261 505 1318 residere.

272 1351 358 1406 Unde
382 1348 550 1406 catholicus
566 1368 738 1424 supponere
761 1365 860 1425 potest
888 1351 953 1409 sine
970 1351 1107 1426 periculo
1131 1354 1213 1427 quod
1230 1346 1432 1443 Tl¹⁰nffi⁰g¹⁰s²¹s⁰

188 1437 415 1511 roprelatorum
441 1437 487 1492 vel
511 1439 701 1494 sacerdotum
720 1437 858 1513 nequicia
884 1453 927 1495 est
951 1438 981 1494 in
1005 1458 1096 1496 causa
1120 1458 1215 1515 quare
1229 1411 1273 1495 niil
1283 1412 1427 1513 wiclennirss

227 1525 357 1598 populus
373 1543 390 1581 a
407 1527 471 1580 Deo
495 1524 584 1581 hodie
607 1523 650 1581 sic
666 1524 800 1598 punitur.
826 1528 862 1582 Et
886 1526 916 1581 in
939 1525 996 1583 isto
1017 1526 1215 1584 consenciunt
1238 1504 1264 1547 οἱ
1277 1505 1314 1548 ¹¹¹⁰
1330 1512 1417 1560 ΡΜ·

228 1611 371 1669 Saraceni
404 1624 433 1667 et
466 1611 516 1668 alii
549 1612 686 1685 ydolatre
714 1611 851 1669 infideles
884 1632 939 1669 nec
974 1613 1073 1670 sciunt
1106 1613 1214 1688 prelati

227 1698 322 1756 nostri
355 1700 465 1755 docere
489 1699 664 1773 oppositum
698 1699 775 1756 sicut
807 1719 863 1757 nec
895 1699 997 1757 sciunt
1028 1703 1111 1776 quod
1135 1703 1215 1758 Deus

227 1785 312 1843 audit
335 1800 363 1842 et
387 1786 518 1860 complet
553 1786 702 1860 promissa
735 1786 765 1842 in
789 1787 982 1844 oracionibus
1012 1802 1040 1845 et
1063 1787 1214 1862 suffragiis

189 1884 285 1948 rique
308 1873 493 1946 promittunt
516 1873 649 1931 ecclesie.
684 1872 768 1930 Sicut
800 1874 880 1931 enim
905 1874 971 1932 falsi
995 1874 1075 1950 magi
1099 1874 1213 1949 promi·

227 1974 330 2017 serunt
362 1963 488 2017 seducto
521 1961 635 2036 populo
668 1962 750 2035 quod
774 1961 890 2018 anricus
918 1980 988 2019 suus
1015 1974 1153 2019 mortuns
1176 1961 1214 2019 sit

227 2048 390 2104 translatus
414 2048 452 2104 ad
487 2049 570 2118 deos,
604 2047 646 2105 sic
671 2062 797 2121 possunt
830 2048 967 2105 moderni
996 2062 1117 2123 satrape
1140 2049 1214 2106 false

228 2135 340 2208 fingere
363 2136 445 2209 quod
463 2138 542 2192 Deus
565 2134 727 2209 complevit
742 2154 828 2192 suam
846 2135 1042 2207 sentenciam,
1066 2135 1136 2192 licet
1152 2155 1213 2193 non

227 2221 264 2278 sit
289 2221 443 2278 evidencia
467 2223 513 2279 vel
537 2221 619 2279 racio
643 2224 724 2296 quod
749 2224 829 2278 Deus
853 2221 896 2279 sic
921 2221 1020 2280 faciat.

185 2336 216 2366 ἰο
272 2311 358 2366 Unde
378 2307 492 2366 dictum
518 2322 562 2364 est
586 2308 715 2365 fideliter
738 2310 819 2383 quod
845 2309 992 2382 fingentes
1008 2311 1045 2366 de
1062 2312 1125 2365 Deo
1149 2308 1213 2366 sine

228 2395 431 2470 inspiracione
464 2409 492 2452 et
525 2395 589 2452 sine
618 2395 739 2453 racione
771 2395 920 2469 scripture
952 2397 1034 2470 quod
1058 2399 1138 2452 Deus
1170 2395 1213 2453 sic

227 2483 317 2539 saciat
349 2482 557 2540 antichristive
589 2500 621 2539 se
644 2482 725 2557 ipsos
758 2482 957 2557 magnificant
989 2501 1080 2557 supra
1104 2484 1212 2551 Dentri,

227 2570 298 2644 quia
330 2570 435 2627 dicunt
466 2589 497 2627 se
530 2569 606 2626 scire
637 2571 719 2644 quod
756 2572 834 2626 Deus
866 2569 962 2627 nescit
993 2583 1022 2626 et
1054 2569 1159 2626 dicunt
1181 2587 1213 2626 se

227 2675 334 2730 cogere
358 2660 454 2714 Deum
489 2658 588 2714 facere
621 2658 703 2731 quod
727 2657 813 2715 aliter
836 2656 893 2713 nisi
917 2675 971 2730 per
1003 2655 1077 2712 istos
1112 2657 1213 2713 hostes

185 2743 281 2802 riDei
306 2747 386 2800 Deus
409 2763 471 2801 non
494 2745 615 2801 faceret.
640 2745 699 2801 Sed
724 2743 775 2800 ubi
800 2743 897 2800 maior
919 2742 1126 2817 blasphemia?

270 2830 392 2888 Utinam
426 2850 498 2906 ergo
536 2832 652 2889 seducti
690 2850 744 2905 per
775 2830 850 2888 tales
881 2843 1019 2904 satrapas
1051 2829 1124 2904 ipsis
1152 2848 1211 2885 non

227 2919 383 2975 crederent
406 2918 462 2974 nisi
487 2918 544 2992 ipsi
567 2932 687 2992 satrape
720 2920 862 2975 docerent
886 2919 967 2992 quod
1000 2916 1133 2974 referunt
1165 2935 1211 2973 ra-

227 3005 313 3062 cione
337 3005 396 3061 fide
419 3006 465 3062 vel
482 3006 680 3080 experiencia,
705 3018 732 3061 et
756 3004 799 3062 sic
822 3003 950 3079 perfidia
967 3003 1082 3061 seducti
1107 3003 1212 3078 populi

227 3106 270 3148 est
287 3092 461 3166 parcialiter
484 3091 514 3148 in
539 3111 629 3150 causa
652 3110 746 3167 quare
769 3105 815 3149 tot
830 3091 1026 3149 seductiones
1050 3091 1080 3148 in
1097 3091 1211 3165 populo

184 3190 215 3237 30
228 3181 318 3235 modo
342 3194 477 3237 currunt.

269 3269 354 3323 Unde
393 3266 523 3324 finaliter
555 3268 689 3324 solebam
713 3265 814 3322 dicere
846 3267 974 3322 tacendo
1004 3267 1083 3340 quod
1119 3263 1210 3320 michi
1247 3271 1346 3315 werre
1361 3281 1401 3316 nor

225 3355 343 3410 videtur
375 3353 406 3411 in
436 3355 491 3411 hac
514 3368 600 3427 parte
625 3353 780 3428 probabile
813 3354 895 3427 quod
919 3351 991 3408 talia
1021 3352 1210 3426 promissaa
1253 3324 1392 3420 biiissffiffe

225 3442 341 3514 prelato
374 3440 488 3498 cesario
517 3460 577 3498 non
601 3454 670 3497 sunt
695 3441 777 3501 fides.
809 3442 870 3498 Nec
903 3440 1000 3496 babeo
1024 3438 1208 3496 evidenciam
1247 3429 1404 3526 l‘fflffls

226 3529 290 3601 ipsa
319 3547 451 3585 asserere
475 3543 632 3603 tamquam
661 3546 745 3599 vera;
779 3527 848 3584 ideo
877 3545 914 3584 ne
943 3544 1065 3600 peccent
1104 3539 1210 3584 contra
1273 3535 1379 3590 pretates.

183 3616 279 3673 ssbei
302 3617 487 3673 voluntatem
510 3630 599 3689 atque
623 3615 781 3687 iudicium,
804 3634 866 3672 non
890 3616 988 3671 audeo
1012 3631 1145 3670 asserere
1169 3613 1211 3670 ita

225 3722 297 3763 esse.
322 3705 359 3760 Et
383 3722 486 3759 sensus
510 3704 564 3759 iste
589 3703 706 3760 videtur
730 3721 793 3759 esse
810 3701 987 3769 catholicus,
1011 3719 1079 3757 cum
1104 3719 1210 3757 secun·

225 3793 296 3846 dum
320 3791 521 3864 Augustinum
540 3808 630 3846 nemo
655 3804 752 3864 potest
776 3792 897 3846 credere
921 3787 977 3844 nisi
1002 3788 1114 3844 volens.
1140 3788 1209 3843 ldeo

225 3879 300 3934 foret
333 3876 423 3934 nimis
455 3877 581 3934 stultum
615 3890 644 3932 et
676 3875 796 3933 infidele
830 3876 978 3950 prelatum
1016 3875 1072 3931 niti
1102 3893 1209 3948 cogere

224 3984 309 4020 suum
343 3965 495 4020 subditum
530 3978 561 4020 ut
585 3963 643 4020 hoc
666 3966 779 4033 credat,
812 3982 880 4020 curn
912 3981 973 4019 non
1005 3963 1095 4018 habet
1119 3961 1208 4018 fidem

178 4052 268 4124 40vel
295 4051 446 4108 racionem
470 4052 516 4107 vel
538 4050 724 4107 evidenciam
750 4050 790 4106 ita
816 4067 889 4106 esse.
925 4052 961 4104 Et
985 4050 1043 4105 hoc
1067 4049 1142 4104 soret
1166 4061 1205 4120 ty·

223 4138 304 4194 riaca
328 4157 365 4193 ne
383 4139 513 4212 populus
533 4136 661 4193 stolidus
677 4136 837 4192 infideliter
862 4148 962 4192 currat
986 4136 1024 4192 ad
1041 4137 1207 4191 Romanam

272 4455 307 4486 20.
323 4445 356 4487 A:
373 4441 421 4486 Deo
435 4455 479 4486 sur.
547 4453 585 4494 40.
601 4443 637 4486 A:
653 4442 686 4484 ita
701 4440 773 4484 deest.
