3098 5130
135 1453 248 1498 Whether
262 1453 279 1497 it
294 1455 315 1497 is

148 1507 251 1561 possible
266 1508 302 1567 ior

135 1571 188 1601 man
203 1566 228 1619 to
243 1566 310 1602 remit

200 1624 245 1655 srn.

577 505 701 556 OPERIS
720 505 931 556 EVANGELlCl
952 506 1016 556 LlB.
1035 507 1077 556 lV.
1182 486 1264 572 [CAR
1284 500 1325 545 IX·

340 664 484 738 magister
518 668 592 722 dans
616 665 784 722 doctrinam
819 667 972 724 salubrem
1005 686 1060 724 suo
1093 666 1242 741 discipulo
1275 670 1327 725 de-

339 751 480 824 dignatur
513 753 596 809 illum
634 752 684 827 qui
719 752 846 829 despicit
880 756 957 811 hanc
987 753 1169 823 doctrinam,
1211 769 1327 830 quanto

340 839 435 912 magis
468 840 610 915 magister
640 840 757 915 primus
782 841 899 899 celestis
922 841 972 917 qui
997 841 1037 898 ita
1061 841 1212 899 laboriose
1237 844 1326 900 docet

339 941 398 982 tam
418 945 509 1000 opere
526 947 618 1003 quam
635 946 776 986 sermone
789 929 878 985 istam
890 928 1075 986 sentenciam
1088 944 1149 986 tam
1163 931 1325 987 salubrem.

339 1014 446 1087 Cogita
470 1034 542 1090 ergo
566 1018 721 1090 quomodo
745 1016 881 1073 Christus
905 1015 1032 1072 surrexit
1070 1036 1087 1074 a
1112 1036 1186 1074 cena
1210 1030 1238 1074 et
1263 1020 1353 1074 tami

338 1115 453 1158 attente
485 1102 546 1159 suis
579 1101 735 1177 discipulis
767 1103 839 1160 lavit
872 1105 963 1178 pedes
1002 1117 1030 1160 et
1064 1123 1154 1178 quam
1189 1123 1326 1179 expresse

338 1191 426 1245 docet
458 1188 545 1247 istam
579 1190 782 1257 sentenciam
821 1193 1016 1265 postmodum
1051 1191 1080 1248 in
1119 1209 1258 1250 sermone
1297 1187 1327 1248 ei

339 1275 427 1332 istam
462 1275 667 1335 imitacionem
693 1277 804 1334 Christi
837 1280 1002 1335 secundum
1039 1280 1167 1353 gradum
1192 1279 1325 1354 aliquem

339 1382 400 1419 non
425 1381 558 1437 negares.

382 1453 483 1508 Movet
499 1464 600 1508 autem
619 1451 804 1526 Augustinus
827 1465 928 1509 utrum
949 1453 1040 1509 frater
1056 1451 1183 1510 dimittit
1200 1465 1326 1526 peccata
1341 1472 1372 1504 10

339 1537 471 1609 alterius,
503 1553 531 1596 et
559 1538 678 1595 videtur
706 1539 806 1614 ipsum
836 1552 937 1597 tenere
965 1542 1046 1615 quod
1070 1559 1162 1598 orans
1186 1541 1231 1597 vel
1257 1558 1326 1614 pro-

340 1644 456 1682 merens
489 1640 521 1682 ut
545 1630 625 1683 Deus
652 1640 777 1701 peccata
809 1645 862 1684 sua
894 1626 1038 1687 dimittat.
1072 1627 1196 1685 dimittit
1229 1626 1325 1684 eciam

340 1714 431 1769 modo
465 1712 568 1787 aliquo
601 1728 726 1788 peccata
758 1713 820 1785 illa,
853 1714 992 1788 quumvis
1030 1717 1111 1771 Deus
1147 1713 1326 1789 simpliciter

339 1799 490 1857 autentice
514 1815 637 1875 peccata
663 1800 807 1858 dimittat.
849 1804 885 1856 Et
909 1802 989 1858 hunc
1021 1819 1141 1858 sensum
1179 1801 1267 1859 elicit
1292 1820 1326 1858 ex

338 1885 420 1944 dicto
437 1888 601 1944 Salvatoris
626 1903 654 1944 et
678 1887 757 1945 beati
782 1888 898 1960 Jacobi,
923 1907 992 1945 cum
1010 1888 1146 1946 Christus
1170 1887 1213 1946 sic
1236 1890 1326 1946 docet
1341 1891 1369 1941 15

338 1992 425 2031 orare
443 1975 567 2032 Matthei
584 1977 632 2046 V1,
655 1992 700 2034 12.
719 1975 841 2030 Dimitte
856 1976 937 2032 nobis
954 1976 1049 2031 debita
1066 1989 1176 2047 nostra,
1201 1976 1276 2032 sicut
1299 1987 1326 2032 et

338 2080 389 2118 nos
413 2062 584 2118 dimittimus
601 2063 778 2119 debitoribus
794 2062 910 2118 nostris.
936 2065 971 2119 Et
987 2065 1117 2119 Jacobus
1133 2065 1158 2118 V
1175 2082 1250 2137 cap.,
1273 2063 1324 2120 16:

340 2145 523 2225 Confitemini
562 2150 737 2205 alterutrum
774 2160 895 2225 peccatu
935 2160 1042 2220 vestra,
1084 2161 1111 2206 et
1150 2161 1233 2205 orate
1267 2168 1326 2225 pro

338 2236 458 2292 invicem
485 2248 515 2292 rrt
537 2236 700 2297 salvemini.
727 2239 761 2292 Et
785 2236 903 2293 videtur
927 2236 1080 2294 racionem
1103 2238 1238 2294 alludere
1261 2236 1326 2293 istis

337 2323 444 2390 verbis,
478 2324 549 2399 quia
573 2324 757 2394 conviantes,
792 2342 860 2380 cum
886 2324 1017 2397 peccatis
1049 2324 1110 2380 suis
1142 2323 1244 2398 aliquo
1276 2341 1326 2380 sex
1338 2339 1370 2373 20

339 2413 499 2467 modorum
518 2411 672 2485 reciproce
689 2410 896 2479 consenciunt,
913 2411 1044 2486 peccatis
1054 2411 1116 2467 suis
1131 2411 1324 2485 participant,

338 2509 367 2553 et
404 2516 457 2571 per
490 2517 677 2573 consequens
707 2513 832 2572 possunt
870 2511 993 2572 peccata
1028 2497 1078 2554 illa
1111 2510 1258 2574 quantum
1293 2497 1324 2554 in

339 2583 410 2658 ipsis
435 2598 479 2641 est
504 2585 656 2642 remittere
691 2598 718 2642 et
748 2585 861 2652 iuvare,
900 2599 932 2640 ut
958 2588 1037 2641 Deus
1069 2603 1102 2642 ex
1136 2605 1190 2642 sua
1223 2583 1325 2659 gracia

338 2670 426 2728 tollat
443 2671 509 2745 illa;
535 2686 563 2729 et
588 2672 630 2729 sic
648 2685 746 2746 potest
762 2672 874 2729 servari
893 2675 956 2728 Deo
980 2686 1012 2728 ut
1037 2672 1193 2746 proprium
1218 2672 1324 2728 tollere
1414 2682 1417 2686 ’

338 2772 462 2832 peccata
496 2759 601 2815 mundi
631 2773 658 2815 et
693 2760 847 2817 remittere
878 2760 925 2816 vel
958 2759 1111 2816 dimittere
1135 2761 1173 2816 ad
1202 2777 1323 2816 sensum
1336 2760 1368 2809 25

338 2845 453 2903 dictum
483 2846 661 2921 equivocum
696 2846 787 2903 tribui
813 2861 961 2903 creature.
990 2847 1021 2903 Si
1055 2847 1133 2902 enim
1164 2849 1244 2902 Deus
1272 2845 1323 2920 qui

338 2951 463 3007 peccare
488 2953 549 2990 non
566 2934 677 3008 poterit
702 2947 827 3008 peccata
850 2946 954 2991 nostra
977 2933 1104 2990 dimittit
1128 2947 1156 2990 et
1182 2952 1236 3007 pro
1252 2932 1326 3007 ipsis

338 3036 415 3091 orat,
441 3035 555 3095 quanto
580 3021 675 3095 magis
700 3041 754 3078 nos
778 3021 892 3096 peccati
918 3020 1081 3095 participes
1106 3022 1250 3077 debemus
1267 3021 1325 3076 hoc

337 3107 436 3164 facere
460 3122 488 3165 et
511 3108 552 3165 sic
571 3108 724 3182 reciproce
745 3111 838 3183 pedes
859 3108 978 3165 lavare?
1002 3111 1038 3165 Et
1062 3122 1145 3183 patet
1170 3108 1324 3182 quomodo

338 3196 392 3250 hec
405 3195 543 3253 doctrina
556 3195 727 3269 evangelica
741 3209 784 3253 est
796 3194 968 3252 communis
985 3195 1123 3252 fidelibus
1140 3207 1169 3252 et
1185 3194 1323 3251 salubris.
1337 3196 1370 3245 30

733 3456 836 3518 CAP.
861 3454 927 3517 IX.

382 3598 525 3672 Sequitur
550 3597 579 3653 in
605 3612 682 3654 textu
708 3597 868 3671 evangelii:
904 3598 1005 3668 Amen,
1034 3597 1123 3652 Amen
1148 3597 1212 3652 dico
1236 3597 1325 3675 vobis,

339 3704 392 3740 ttott
417 3697 457 3740 est
486 3705 589 3741 servus·
612 3686 706 3740 timim·
730 3686 846 3741 domitto
869 3704 921 3741 stto
946 3703 1033 3759 tteqtte
1060 3683 1209 3758 apostolus
1232 3684 1327 3737 ttroiot·

337 3792 369 3827 eo
394 3773 442 3846 qm'
465 3774 541 3828 irrisit
566 3773 657 3831 illum.
693 3774 725 3827 Si
748 3775 798 3828 lrec
821 3772 911 3843 scitis,
936 3773 1012 3828 beuti
1034 3771 1124 3839 eritis,
1148 3771 1175 3826 si
1189 3770 1326 3845 feceritis

337 3878 380 3927 ea,
414 3880 468 3914 mm
493 3862 529 3915 de
552 3861 683 3915 ‹utrrribtrs
707 3861 786 3916 vobis
811 3861 885 3916 dico.
915 3859 983 3935 Ego
1007 3858 1066 3914 scio
1090 3876 1160 3931 qttos
1184 3853 1367 3933 elegerim35

337 3948 389 4002 sed
404 3959 434 4001 ut
449 3948 650 4022 adirttpleatur
665 3948 829 4022 scriptura:
856 3947 914 4013 Qui
930 3948 1085 4001 mmrdrtcat
1102 3963 1208 4018 penem
1231 3963 1324 3999 meum

389 4240 408 4270 e.
426 4231 458 4272 A:
475 4228 568 4282 decipit.
623 4240 645 4279 4.
661 4229 696 4270 A:
712 4240 780 4284 quam
793 4239 865 4282 opere
878 4239 953 4280 orarem.
1011 4240 1041 4270 to.
1057 4228 1089 4269 A:
1107 4224 1186 4269 ttom't.
1242 4236 1273 4277 to.
1288 4225 1323 4266 A:

337 4286 359 4324 e!
372 4283 445 4324 deest.
513 4294 547 4331 2-t*
563 4280 598 4321 A:
615 4282 688 4322 etsie.
762 4293 795 4329 27.
811 4283 844 4322 A:
857 4292 904 4335 pro
918 4281 958 4321 eir.
1031 4277 1118 4328 sii-ir.
1134 4281 1167 4321 A:
1184 4277 1260 4320 maior
1275 4277 1322 4317 illo.

337 4334 367 4376 55*
383 4336 416 4375 A:
433 4333 550 4388 eligerint.

390 4445 430 4494 32.
448 4438 506 4489 tob.
525 4439 590 4500 xm,
614 4439 719 4507 10-19.
