3098 5130
213 489 280 532 cur·
296 476 391 559 mu]
496 494 541 544 nu
560 493 797 544 turicuntsro
817 494 881 544 tin.
899 496 918 544 1.
1358 488 1409 542 161

213 652 385 710 humanitas
409 665 453 710 est
476 667 579 710 eterna
603 665 631 710 et
655 655 737 728 quod
761 652 826 728 ipsa
856 654 968 712 creavit
996 658 1142 714 mundum
1168 670 1197 715 et
1267 668 1375 731 lunaris

210 760 242 798 se
266 741 377 815 ipsam3
402 754 431 797 et
455 739 498 797 sic
522 742 558 797 de
575 739 641 797 aliis
665 741 911 799 conclusionibus
928 742 1091 801 infideliter
1108 744 1197 818 repli-
1212 722 1406 819 ,K{⁰g‡{}{,⁰dd,{³,ss

211 828 296 886 catis.
330 826 534 885 conformiter
567 826 678 883 dicitur
710 829 749 884 ad
777 828 850 886 istos
881 831 1102 906 paralogismos
1133 832 1196 889 dia·
1215 829 1410 922 ⁰⁰⁸¹}“⁸⁵⁵³,{¹'y

212 915 272 973 boli
302 914 413 990 quibus
442 913 538 972 credit
567 915 748 973 concludere
772 919 854 991 quod
884 935 994 992 corpus
1018 918 1130 976 Christi
1153 886 1413 988 sicsill'ir‘birin

187 1008 358 1060 §tractatur
373 1002 420 1059 vel
436 1001 547 1059 talibus
571 1001 732 1075 predicatis
756 1002 912 1077 subicitur,
936 1005 1007 1080 quia
1031 1006 1086 1062 iste
1110 1005 1197 1081 panis

210 1090 252 1147 sic
284 1102 442 1162 tractatur,
475 1102 503 1146 et
527 1088 582 1145 iste
613 1088 700 1162 panis
731 1102 775 1147 est
806 1110 916 1166 corpus
950 1092 1072 1163 Christi,
1105 1092 1198 1167 igitur

211 1179 363 1235 rumburn.
416 1179 545 1252 Oportet
576 1175 656 1233 enim
689 1195 870 1251 cognoscere
897 1181 980 1254 quod
1017 1179 1074 1238 iste
1110 1179 1198 1255 panis

211 1265 283 1321 satis
307 1264 451 1340 equivoce
474 1263 587 1321 talibus
611 1264 773 1338 predicatis
797 1265 965 1324 formaliter
987 1266 1144 1340 subicitur,
1168 1281 1197 1324 et

211 1365 254 1409 est
282 1352 439 1426 figurative
468 1351 514 1408 vel
542 1350 792 1409 habitudinaliter
822 1371 931 1428 corpus
955 1354 1067 1412 Christi
1090 1368 1119 1411 et
1143 1373 1198 1429 per

172 1459 200 1492 ιο
211 1438 461 1514 equivocaciones
478 1437 725 1513 predicacionem
748 1438 924 1497 huiusmodi
941 1454 1041 1515 potest
1058 1442 1197 1500 evacuari

210 1545 263 1601 per
296 1527 414 1585 fidelem
448 1526 575 1601 quilibet
607 1539 731 1584 vocatus
764 1526 962 1602 expositorius
995 1528 1196 1603 syllogismus.

210 1617 247 1670 Et
279 1614 322 1671 sic
355 1627 454 1688 potest
492 1613 601 1671 salvari
640 1614 788 1672 catholice
821 1617 977 1689 quomodo
1010 1617 1103 1673 homo
1135 1636 1197 1673 non

210 1701 290 1759 videt
314 1701 344 1758 in
368 1715 560 1759 sacramento
584 1700 643 1757 isto
667 1720 777 1776 corpus
794 1701 905 1759 Christi
926 1704 1016 1760 oculo
1033 1704 1196 1778 corporali,

210 1788 280 1847 licet
309 1789 367 1846 tide
391 1789 500 1861 videat,
526 1802 559 1846 ut
583 1787 688 1845 asserit
711 1788 907 1862 Augustinus.
941 1792 978 1847 Et
1002 1790 1045 1848 sic
1069 1791 1196 1866 intelligi

171 1878 298 1935 15debet
322 1876 377 1934 iste
400 1894 503 1934 versus
526 1893 617 1951 quem
642 1875 722 1932 canit
745 1875 871 1934 ecclesia
895 1880 932 1934 de
955 1879 1013 1934 hoc
1036 1879 1126 1935 festo:

508 1963 595 2032 Quod
617 1979 672 2018 non
695 1964 785 2038 capis,

554 2049 642 2118 Quod
663 2067 719 2105 non
744 2050 824 2107 vides

505 2137 644 2193 Animosa
659 2136 769 2214 firmat
783 2137 865 2214 fides

552 2225 657 2281 Preter
680 2242 780 2280 rerum
804 2225 946 2281 ordinem.

169 2334 201 2367 20
255 2313 341 2368 Unde
369 2310 395 2368 si
424 2311 516 2368 frater
544 2311 612 2368 ierit
640 2312 679 2368 ad
707 2311 821 2368 curiam
848 2314 1016 2368 Romanam
1046 2324 1075 2367 et
1098 2311 1195 2386 impe·

211 2397 334 2456 traverit
358 2400 413 2455 sub
435 2397 524 2455 litera
548 2416 626 2473 pape
650 2400 731 2473 quod
755 2399 813 2456 hoc
837 2411 881 2456 est
904 2398 1100 2470 catholicum,
1124 2397 1195 2456 licet

210 2505 271 2543 non
303 2485 393 2543 fuerit
420 2486 534 2560 populo
561 2484 790 2560 publicandum,
823 2486 905 2561 quod
931 2504 997 2542 mus
1026 2485 1084 2542 isto
1113 2505 1194 2543 anno

211 2572 376 2630 comederit
409 2591 519 2647 corpus
547 2572 670 2645 Christi,
705 2572 800 2629 fidelis
828 2586 930 2630 tamen
958 2592 1020 2630 non
1051 2573 1140 2630 debet
1163 2573 1194 2631 in

213 2662 269 2717 hoc
294 2662 417 2717 credere
440 2659 489 2716 isti
513 2659 598 2717 litere
622 2678 714 2734 quam
739 2662 828 2717 debet
852 2662 974 2718 credere
997 2659 1193 2732 Antichristo,

169 2751 281 2804 ricum
317 2746 483 2804 catholicus
515 2746 588 2804 satis
620 2746 776 2821 cognoscit
807 2750 889 2822 quod
927 2766 989 2804 non
1028 2761 1072 2804 est
1111 2748 1195 2805 color

211 2834 394 2909 sophisticus
431 2833 462 2891 in
505 2833 562 2891 ista
603 2834 741 2908 argucia:
785 2835 851 2891 Mus
890 2836 1064 2892 comederat
1102 2834 1194 2891 istum

211 2940 322 2996 panem
352 2920 382 2978 e't
410 2920 466 2978 iste
491 2920 576 2995 panis
600 2935 645 2979 est
669 2934 698 2978 et
722 2934 794 2977 tunc
817 2922 915 2979 fuerat
939 2940 1048 2997 corpus
1071 2921 1193 2994 Christi,

211 3009 280 3066 ideo
304 3008 353 3066 ille
378 3027 445 3065 mus
471 3010 644 3066 comederat
668 3027 777 3083 corpus
801 3008 923 3076 Christi,
948 3008 1019 3083 quia
1044 3023 1087 3067 est
1110 3010 1194 3085 equi-

211 3096 334 3153 vocacio
358 3095 388 3152 in
413 3095 675 3170 predicaciouibus
699 3109 935 3169 assumptorum.

169 3186 201 3236 30
254 3186 291 3240 Et
324 3185 429 3241 eodem
465 3184 557 3239 modo
589 3183 705 3240 tollitur
742 3185 824 3257 quod
853 3200 963 3257 corpus
993 3182 1105 3239 Christi
1134 3202 1195 3240 non

211 3270 358 3344 putrescit
390 3289 446 3327 nec
477 3268 600 3344 sanguis
635 3269 747 3328 Christi
779 3283 856 3341 acet,
890 3284 919 3326 et
951 3268 994 3326 sic
1023 3272 1059 3328 de
1083 3269 1194 3327 talibus

211 3356 376 3432 predicatis
400 3375 459 3432 que
482 3376 545 3414 non
567 3368 695 3432 possunt
719 3357 841 3431 corpori
865 3370 894 3414 et
917 3355 1057 3431 sanguini
1082 3357 1194 3414 Christi

211 3458 394 3519 competere,
418 3444 488 3501 licet
511 3443 598 3519 panis
621 3457 650 3501 et
673 3443 775 3502 vinum
800 3443 901 3501 taliter
924 3456 1110 3501 moveantur.

253 3535 291 3590 Et
315 3533 421 3588 eodem
451 3533 543 3588 modo
567 3530 678 3588 dicitur
706 3532 744 3588 ad
768 3531 843 3587 alios
867 3546 989 3588 vocatos
1012 3529 1195 3605 sillogismos
1214 3543 1259 3585 and
1274 3542 1323 3586 vice
1337 3554 1411 3586 versa.

140 3627 184 3671 r·
211 3618 241 3674 in
266 3621 357 3676 modo
381 3631 410 3676 et
434 3618 529 3692 figura
554 3620 629 3675 bene
652 3617 696 3694 (ut
717 3614 721 3699 1
742 3618 897 3688 asseritur)
921 3618 1083 3691 regulatos‚
1109 3631 1141 3674 ut
1165 3617 1195 3675 in

212 3705 310 3780 primo
334 3705 431 3780 prime
455 3705 497 3762 sic
521 3705 671 3779 arguitur:
697 3706 796 3762 Omne
818 3723 927 3779 corpus
944 3703 1056 3761 Christi
1077 3704 1108 3760 in
1129 3704 1195 3760 celo

211 3792 380 3849 extenditur
404 3806 433 3849 et
457 3792 487 3849 in
511 3791 679 3867 quantitate
703 3810 738 3849 ac
760 3791 856 3866 figura
872 3805 901 3848 et
917 3810 1040 3848 suarum
1058 3791 1194 3865 parcium

210 3880 317 3937 ordine
341 3879 441 3936 debite
466 3880 647 3950 collocatur;
676 3878 775 3936 omnis
798 3878 885 3954 panis
914 3878 1143 3936 sacramentalis
1167 3892 1195 3936 et

212 3981 255 4023 est
279 3985 388 4042 corpus
413 3966 538 4023 Christi:
569 3985 640 4040 ergo
667 3965 766 4023 omnis
791 3965 878 4040 panis
901 3965 1129 4023 sacramentalis
1152 3965 1195 4023 sic

167 4073 201 4120 40
211 4053 240 4110 in
265 4055 330 4111 celo
354 4053 523 4111 extenditur
546 4066 575 4110 et
599 4055 764 4110 secundum
788 4053 927 4111 ordinem
951 4071 987 4110 ac
1008 4052 1194 4128 posicionem

263 4286 278 4317 ι.
293 4275 327 4318 A:
343 4277 368 4317 et
380 4273 459 4316 before
474 4272 539 4328 quod
552 4272 623 4315 deest.
691 4269 711 4315 3.
726 4273 760 4315 A:
772 4271 939 4366 perlppismas.
1006 4284 1025 4326 7.
1041 4273 1076 4314 A:
1092 4272 1196 4314 rumbum

209 4327 284 4369 twice.
299 4327 330 4370 lta
344 4326 409 4378 cod.;
426 4337 455 4369 an
470 4328 604 4379 rumptum?
671 4321 704 4368 23.
720 4324 752 4366 A:
767 4335 831 4367 come
848 4329 908 4368 emt.

267 4435 304 4487 15.
324 4435 365 4486 Cf.
384 4436 422 4486 De
441 4434 612 4496 Eucharistia,
632 4448 691 4500 pag.
714 4433 752 4484 13.
