3098 5130
584 504 674 555 orus
692 502 945 554 evnnunmcun
966 502 1031 553 nin.
1050 501 1091 553 111.
1146 483 1231 569 [ene.
1246 496 1332 543 xxm

343 666 500 729 reservari,
517 665 597 721 cuins
613 666 728 743 signum
742 666 898 741 perspicue
908 665 936 721 in
947 664 1184 739 consequentibus
1194 663 1334 741 ponitur:

342 753 453 831 Surget
475 771 549 829 gens
572 764 673 809 contro
694 765 810 832 gentem
827 764 854 810 et
871 770 995 831 regnum
1012 762 1116 809 contro
1134 769 1258 830 regnum
1275 762 1332 808 etc.

342 840 408 895 Non
431 840 550 919 ambigo
574 852 601 896 et
624 841 676 897 hec
697 841 812 917 quidem
830 840 941 915 sutura
964 857 1019 915 qne
1039 839 1151 916 scripta
1174 849 1258 908 sunt,·
1279 839 1335 895 secl

342 927 431 983 michi
453 928 569 983 videtur
591 946 716 1006 regnum
740 938 842 984 contro
859 946 984 1006 regnunt
1001 938 1028 983 et
1041 926 1212 1003 pestilencia
1229 944 1332 983 eorttm

342 1032 464 1088 quornm
487 1033 585 1071 sermo
608 1015 697 1091 serpit
725 1027 755 1071 ut
778 1033 884 1071 cancer
912 1026 938 1071 et
953 1016 1057 1090 sames
1085 1012 1224 1070 audiendi
1251 1013 1358 1070 neritii

344 1102 400 1157 Dei
422 1112 448 1158 et
472 1103 630 1159 commocio
655 1104 789 1159 universe
810 1114 891 1159 terre
914 1112 940 1160 et
963 1122 980 1157 a
1005 1119 1075 1158 vera
1090 1100 1157 1177 fide
1177 1101 1333 1177 separocio

342 1190 369 1244 in
394 1190 529 1246 hereticis
553 1190 649 1268 tnagis
673 1191 806 1268 intelligi,
838 1190 889 1266 qni
915 1201 1018 1246 contra
1047 1207 1078 1246 se
1101 1188 1222 1245 invicem
1247 1188 1334 1244 timi-

341 1289 439 1333 cantes
462 1278 581 1334 ecclesie
605 1278 757 1334 victoriam
773 1278 904 1354 jaciunt.
931 1278 1018 1346 Quod
1038 1286 1134 1333 aretem
1152 1277 1245 1332 dixit:
1267 1274 1334 1333 Hec

341 1375 437 1420 utitem
470 1365 565 1421 onmia
598 1366 683 1422 inicio
714 1376 781 1422 sunt
813 1365 961 1433 dolorum,
1001 1363 1105 1420 melius
1136 1364 1333 1438 transfertur,

338 1452 590 1527 parturicionunt:
614 1464 644 1508 nt
667 1453 750 1527 qttosi
771 1463 923 1527 conceptus
946 1452 1063 1527 qnidam
1087 1452 1229 1508 adventus
1251 1449 1377 1506 Anti-ro

342 1539 447 1595 christi
469 1559 524 1596 non
544 1552 652 1614 partus
675 1540 867 1618 intelligatur.
895 1542 959 1596 Hec
982 1541 1172 1613 leronymus.

143 1639 314 1699 Thespirnuat
385 1626 512 1682 Videtur
542 1627 633 1683 istum
662 1640 801 1683 sanctum
827 1626 991 1701 concipere
1015 1628 1096 1700 quod
1122 1626 1179 1684 ista
1203 1644 1255 1684 sex
1278 1644 1333 1700 per

148 1694 305 1803 Μῇξῑξὲζὴε
343 1712 482 1770 ordinem
508 1715 673 1771 abomino
697 1717 879 1789 prophetata
903 1713 1030 1788 intelligi
1055 1715 1166 1771 debent
1189 1713 1333 1788 spiritua·

137 1797 322 1891 pffissfs'lssssissdpi}
343 1799 424 1871 liter3
449 1814 478 1857 et
499 1800 523 1857 si
547 1801 747 1876 corporaliter
769 1801 880 1859 fuerint
896 1820 975 1865 vera,
1000 1802 1058 1857 hoc
1082 1802 1170 1858 debet
1193 1799 1332 1875 intelligi,

125 1909 186 1944 most
197 1902 332 1956 imponant.
343 1899 376 1942 ut
392 1887 590 1961 spiritualiter
606 1890 673 1963 plus
695 1902 849 1947 notentur.
875 1891 961 1946 Unde
983 1907 1000 1945 a
1022 1901 1160 1962 tempore
1175 1886 1375 1962 leronymi15

343 1992 439 2048 usque
473 1975 563 2032 hodie
591 1976 648 2033 ista
677 1976 877 2051 corporaliter
904 1989 1125 2047 successerunt,
1159 1994 1227 2034 cum
1258 1993 1331 2050 gens

344 2080 414 2135 sepe
453 2077 623 2120 surrexerat
662 2078 768 2121 contra
802 2077 934 2138 gentem,
973 2076 1005 2119 ut
1038 2062 1138 2121 vocati
1162 2061 1331 2121 Christiani

343 2162 448 2205 contra
478 2152 647 2207 Saracenos
680 2166 709 2209 et
742 2165 876 2207 econtra.
911 2155 947 2207 Et
979 2165 1059 2208 secte
1091 2150 1265 2208 introducte
1299 2148 1331 2205 in

343 2236 523 2295 christianos
570 2252 678 2312 putant
716 2257 746 2294 se
785 2252 920 2311 prestare
959 2241 1023 2295 Deo
1067 2237 1248 2314 obsequium
1287 2235 1331 2294 sic

341 2327 517 2397 pugnando,
549 2338 582 2381 ut
606 2339 688 2401 patet
720 2328 757 2382 de
788 2324 999 2400 Hospitalariis
1028 2338 1056 2383 et
1088 2324 1154 2383 aliis
1183 2324 1376 2382 militibusno

341 2410 383 2467 eis
400 2412 578 2483 coniunctis,
600 2427 631 2469 ut
649 2414 800 2470 celebrent
816 2432 928 2470 nomen
945 2431 1042 2469 suum.
1069 2416 1204 2488 Regnum
1227 2425 1330 2470 autem

341 2500 448 2573 Anglie
472 2518 542 2574 sepe
569 2500 700 2557 vidimus
728 2501 884 2575 insurgere
912 2514 1018 2558 contra
1042 2519 1167 2575 regnum
1192 2499 1330 2570 Fraude,

344 2599 373 2643 et
397 2587 439 2642 sic
464 2589 500 2644 de
523 2587 623 2662 regnis
648 2588 714 2644 aliis
739 2602 844 2645 contra
868 2589 991 2662 Anglos

187 2683 266 2746 wan,
387 2677 541 2744 Quantum
574 2677 612 2731 ad
645 2674 853 2750 pestilenciam
883 2676 1073 2750 corporalem
1102 2674 1233 2732 vidimus
1263 2692 1330 2732 eam

152 2741 305 2843 ,Γξξὲἒξῃξξξ
343 2761 445 2836 sepius
469 2761 631 2835 contigisse
659 2776 688 2819 et
712 2765 749 2820 de
772 2763 852 2819 fame
880 2762 1031 2837 corporali
1060 2780 1131 2837 sepe
1158 2761 1372 2820 audivimus25

154 2844 307 2940 01δέδέῆὲδέδέ
344 2861 372 2904 et
404 2848 436 2904 in
467 2862 552 2922 parte
582 2850 785 2923 probavimus.
820 2853 856 2906 Et
885 2864 1033 2925 quantum
1063 2854 1101 2907 ad
1129 2861 1329 2908 terremotum

172 2950 285 3004 neqmnt.
343 2935 513 2992 audivimus
546 2935 646 3011 ipsum
681 2937 861 3012 generaliter
893 2937 925 2993 in
956 2936 1064 3012 Anglia
1097 2936 1270 3017 contigisse,
1302 2948 1331 2993 et

343 3022 513 3079 audivimus
545 3025 626 3099 quod
660 3024 690 3081 in
723 3024 823 3099 regnis
855 3023 922 3081 aliis
955 3024 1089 3083 crebrius
1123 3023 1329 3098 contingebat.

343 3113 405 3166 Hec
435 3123 535 3166 autem
564 3111 656 3168 inicia
686 3112 800 3168 doloris
828 3126 984 3186 tamquam
1013 3125 1128 3170 sextum
1158 3110 1327 3187 periculum

342 3197 547 3270 prenosticant
570 3198 803 3269 Antichristum3
843 3217 896 3274 per
929 3202 1010 3274 quod
1044 3199 1244 3274 supponimus
1282 3197 1328 3255 in·
1340 3199 1372 3250 30

341 3284 451 3341 famem
469 3303 617 3359 paparum
635 3305 794 3343 numerum
813 3285 980 3344 terminari.
1005 3290 1067 3345 Nec
1088 3287 1158 3344 huic
1180 3298 1328 3361 repugnat

341 3374 392 3427 scd
410 3387 557 3429 consonat
574 3392 678 3430 sensus
695 3374 845 3448 ascriptus
861 3376 1034 3448 leronymo.
1059 3377 1136 3432 Nam
1154 3374 1185 3430 in
1201 3372 1329 3431 materia

342 3458 412 3515 fidei
433 3479 505 3533 gens
527 3462 680 3534 consurgit
704 3475 811 3518 contra
835 3462 973 3534 alteram,
998 3475 1031 3520 ut
1051 3475 1135 3535 patet
1157 3458 1329 3519 devocatis

171 3577 282 3632 spiritual
342 3547 524 3621 christianis,
553 3551 590 3605 de
607 3549 710 3605 Grecis
734 3563 763 3605 et
787 3549 946 3606 Saracenis
970 3567 1038 3605 cum
1064 3547 1167 3606 multis
1187 3547 1329 3623 aliisque

146 3630 301 3737 ffl'fflffil‘g‘}
342 3634 527 3703 audivimus;
552 3650 581 3692 et
598 3635 640 3692 sic
657 3656 750 3693 unum
768 3655 892 3710 regnum
912 3637 1039 3711 insurgit
1056 3650 1162 3694 contra
1179 3634 1328 3711 reliquum
1340 3641 1371 3696 35

292 3715 310 3726 “’
342 3722 371 3777 in
391 3722 517 3780 materia
529 3723 609 3793 fidei,
627 3738 789 3798 acceptans
806 3743 901 3781 unum
919 3743 1030 3798 papam
1048 3738 1204 3799 tamquam
1217 3721 1329 3781 Christi

341 3810 498 3887 vicarium,
527 3824 556 3867 et
579 3812 661 3868 aliud
685 3826 846 3885 acceptans
870 3812 961 3868 alium
988 3825 1143 3887 tamquam
1168 3810 1275 3883 fidem;
1300 3822 1330 3867 et

341 3898 383 3953 sic
417 3913 596 3955 terremotus
631 3901 667 3955 de
700 3899 894 3973 opinionibus
933 3898 1093 3957 vacillandi
1126 3898 1157 3955 in
1190 3897 1259 3968 fide,
1297 3896 1330 3953 in

341 3985 415 4042 locis
449 3999 477 4042 et
509 3987 597 4043 sectis
625 3987 763 4061 pluribus
796 4000 840 4043 est
868 3986 1003 4059 auditus;
1037 4001 1065 4044 et
1093 3985 1136 4043 sic
1164 3986 1330 4043 creduntur

394 4236 412 4266 s.
428 4225 458 4268 B:
473 4230 497 4269 at
511 4238 608 4288 regnum
623 4231 706 4269 contro
721 4237 819 4281 regnum
833 4225 907 4269 deest.
978 4237 1007 4269 ta·
1022 4228 1043 4269 Α
1058 4225 1082 4288 ip
1096 4237 1184 4281 marg:
1197 4225 1327 4269 «loltannet.

340 4277 417 4385 psalt:
433 4284 456 4321 et
467 4284 554 4373 pocattr.
603 4290 638 4372 321.
654 4279 775 4375 ltfepntept
794 4280 865 4322 deest.
907 4275 1155 4334 23.A:regntst'llis.
1195 4276 1230 4333 30,
1250 4274 1281 4321 31.
1297 4276 1328 4320 B:

350 4343 365 4371 n
396 4343 453 4372 mem
484 4344 538 4373 ees.
616 4343 687 4374 oste
717 4345 773 4374 ees.

394 4458 417 4506 3.
437 4457 465 4505 ll.
485 4456 555 4507 Tim.
576 4472 599 4506 2.
