3098 5130
174 1243 237 1298 l'olly
252 1243 279 1285 ot'

144 1295 300 1349 indulge-ocus.

587 460 711 509 neurus
730 460 940 509 tevi-iuuarint
963 460 1024 510 itu.
1046 460 1088 508 tv.
1185 443 1267 525 {cate
1286 454 1324 499 rr„

339 639 432 694 quare
466 619 561 675 fidelis
595 619 725 692 amplius
749 618 902 693 quietatur
934 619 963 675 in
994 620 1051 676 ista
1079 619 1228 694 particula
1256 640 1325 678 ora-

340 708 433 764 cionis
466 706 632 763 dominice:
665 707 732 762 Fiat
758 708 890 762 voluutas
918 718 977 775 tua,
1017 727 1085 764 cum
1111 720 1210 764 certus
1235 710 1325 766 debet

339 813 403 850 esse
427 796 508 868 quod
524 794 674 867 optimum
692 793 729 850 sit
754 793 878 850 ecclesie
903 797 1068 851 secundum
1094 794 1322 853 ordinacionem

340 881 463 938 Domini
488 881 628 955 regulari.
654 884 690 936 Et
715 883 769 938 hec
787 880 870 938 racio
894 900 987 956 quare
1011 881 1107 939 sancti
1131 881 1248 955 priores
1272 885 1325 940 do-

338 983 466 1025 cuerunt
497 968 611 1024 viantes
643 986 762 1043 semper
795 969 904 1025 debere
936 971 1047 1039 dolere,
1087 987 1155 1026 cum
1197 972 1349 1027 terend05

338 1070 450 1113 terram
475 1055 655 1114 affecciones
679 1055 772 1112 animi
797 1057 910 1113 habent
934 1058 971 1113 ad
997 1055 1156 1113 minimum
1175 1059 1212 1113 ad
1229 1057 1325 1115 intro·

338 1143 413 1200 itum
438 1143 469 1199 in
494 1142 624 1218 patriam
652 1144 825 1200 maculatas.

382 1234 418 1286 Et
451 1250 484 1287 ex
517 1230 574 1287 isto
604 1230 759 1287 concludit
790 1230 914 1305 quidam
950 1229 1108 1304 postillans
1140 1233 1221 1305 quod
1255 1248 1323 1305 pre-

337 1332 513 1390 sumptuosa
547 1317 678 1374 stulticia
713 1317 830 1374 videtur
863 1336 974 1393 papam
1009 1330 1132 1392 propter
1160 1317 1321 1391 pecuniam

336 1406 382 1462 vel
406 1404 549 1481 pietatem
584 1418 855 1480 quantumcunque
887 1419 1060 1480 pretensam
1089 1405 1244 1462 absolvere
1268 1405 1369 1462 ali-10

337 1511 427 1567 quem
460 1492 606 1549 viatorem
641 1511 658 1549 a
691 1510 768 1566 pena
801 1506 830 1549 et
862 1493 951 1567 culpa
983 1491 1039 1549 nisi
1073 1491 1247 1549 affeccionis
1269 1511 1322 1549 sue

338 1579 492 1636 mundicia
526 1578 582 1635 sibi
606 1580 696 1636 fuerit
720 1580 860 1649 revelata,
901 1579 973 1654 quia
997 1592 1111 1636 certum
1137 1593 1181 1636 est
1204 1598 1238 1637 ex
1263 1579 1322 1637 fide

337 1669 417 1742 quod
442 1680 616 1724 remanente
650 1667 680 1722 in
713 1666 815 1740 aliquo
839 1667 1046 1740 predestinato
1079 1680 1201 1724 mortuo
1225 1686 1320 1741 quan·

336 1767 525 1828 tumcunque
564 1755 619 1810 levi
644 1754 808 1811 affeccione
840 1753 974 1810 indebita
1008 1767 1170 1829 antequam
1195 1753 1322 1811 intrabit

338 1842 447 1897 lectum
474 1840 678 1909 beatitudinis
712 1855 833 1915 oportet
857 1843 938 1916 quod
963 1843 1054 1915 pedes
1078 1841 1122 1898 sui
1148 1859 1225 1916 pena
1249 1847 1365 1915 pur-15

336 1928 447 2002 gatorii
470 1928 529 1985 sint
553 1929 699 2000 mundati,
733 1928 856 1985 eciamsi
881 1947 961 2002 papa
986 1927 1074 1985 fuerit
1107 1928 1159 2003 qui
1187 1927 1322 1986 indebite

337 2017 468 2072 honores
502 2019 671 2073 mundanos
705 2018 783 2072 bona
818 2014 998 2089 temporalia
1030 2016 1076 2072 vel
1100 2015 1214 2090 aliquid
1239 2015 1321 2072 aliud

337 2103 488 2178 cupiebat,
522 2116 550 2160 et
574 2123 641 2160 cum
667 2103 778 2160 scimus
803 2105 884 2178 quod
909 2102 1046 2178 quamvis
1070 2103 1207 2160 Christus
1239 2105 1323 2160 sedet

336 2187 368 2246 in
409 2191 567 2247 celestibus
606 2205 633 2247 et
666 2192 829 2265 Apostolus
863 2192 986 2247 mandat
1020 2209 1074 2266 que
1106 2208 1223 2246 sursum
1255 2202 1322 2247 sunt

334 2279 445 2353 querite
472 2289 498 2334 et
533 2297 588 2333 nou
626 2297 679 2353 que
701 2297 790 2354 super
821 2289 943 2345 terram,
977 2276 1118 2351 possibile
1151 2290 1194 2334 est
1218 2289 1320 2334 tamen
1333 2299 1365 2333 πο

336 2383 446 2440 papam
472 2384 506 2421 nc
531 2383 616 2422 suam
653 2364 768 2421 curiam
803 2367 913 2422 habere
946 2364 1140 2421 affeccionem
1166 2364 1319 2439 putridam

335 2453 372 2507 ad
396 2466 524 2509 terrena.

732 2605 835 2668 CAP.
860 2606 922 2667 VI.

376 2749 520 2823 Sequitur
544 2749 574 2805 in
599 2762 679 2805 textu
697 2747 856 2821 evangelii:
883 2749 942 2803 lam
967 2766 1017 2804 vos
1040 2749 1143 2803 nitendi
1168 2750 1244 2819 estis,
1268 2749 1321 2803 sed

333 2855 387 2891 non
412 2855 527 2904 omnen,-
549 2836 654 2892 sciebat
677 2836 751 2891 enim
773 2835 902 2909 quisnam
927 2846 1000 2891 esset
1021 2835 1070 2909 qui
1088 2837 1219 2892 traderet
1243 2854 1317 2892 eum.
1331 2844 1362 2894 25

333 2924 495 2999 Propterea
520 2923 609 2979 dixit:
634 2924 699 2979 Non
723 2922 791 2977 estis
815 2923 917 2977 mtutdi
938 2941 1045 2978 ornnes.

376 3013 472 3085 Super
496 3029 556 3084 quo
579 3009 776 3083 Augustinus:
814 3010 873 3064 Iam
903 3010 954 3064 illa
983 3010 1071 3066 uerba
1104 3010 1151 3065 ubi
1174 3008 1319 3065 Dominus

332 3099 435 3153 lavans
463 3099 554 3173 pedes
585 3098 645 3153 suis
669 3096 818 3172 discipulis
841 3097 893 3167 ait,
917 3097 964 3171 qui
987 3098 1063 3152 lotus
1085 3108 1127 3153 est
1149 3097 1239 3152 semel
1262 3116 1317 3152 non

332 3186 416 3240 ltabet
433 3184 628 3240 necessitatem
646 3185 702 3241 nisi
720 3185 809 3259 pedes
826 3184 928 3239 lauare
943 3185 994 3239 sed
1017 3195 1059 3240 est
1082 3184 1207 3240 eruendus
1229 3194 1316 3253 totus,

332 3271 482 3327 dileccioni
515 3282 610 3327 vestre
641 3282 671 3325 ut
696 3271 829 3326 dominus
865 3272 975 3327 donare
999 3272 1137 3349 dignatus
1160 3282 1203 3328 est
1226 3282 1361 3346 expo-30

330 3360 449 3427 suimus,
481 3377 555 3414 nurtc
591 3360 670 3434 quod
691 3358 821 3432 sequitur
844 3359 1008 3414 videamus:
1046 3359 1085 3413 Et
1118 3377 1178 3425 vos,
1217 3357 1316 3433 inquit,

331 3446 432 3501 retundi
454 3447 530 3513 estio,
554 3447 606 3502 sed
627 3465 682 3501 non
707 3463 818 3507 omnes:
843 3446 896 3501 hoc
917 3440 921 3524 l
941 3446 1010 3520 quid
1032 3446 1068 3500 sit
1092 3462 1125 3500 rte
1147 3462 1314 3520 queramus,
1343 3458 1407 3519 434·

330 3534 391 3610 ipse
414 3534 604 3611 Evangelisto
625 3533 767 3609 patefecit
791 3533 970 3609 adiungens:
1002 3533 1116 3589 Sciebat
1141 3532 1215 3587 enim
1239 3531 1315 3607 quis-

331 3640 397 3676 nam
422 3632 495 3677 esset
519 3622 568 3695 qru'
590 3621 721 3677 traderet
745 3637 819 3675 eum.
846 3619 1008 3695 Propterea
1033 3619 1125 3674 dixit:
1158 3618 1223 3674 Nou
1247 3618 1315 3675 estis

330 3708 431 3764 rreundi
453 3726 566 3776 omues;
596 3708 666 3782 quid
697 3709 749 3763 ltoc
787 3706 920 3782 apercius
949 3706 1075 3782 proinde
1104 3706 1144 3762 ad
1165 3705 1358 3780 sequencio35

329 3807 522 3852 transeamus.
549 3797 611 3851 Hec
636 3794 829 3869 Augustinus.

373 3886 508 3957 Apparet
533 3882 602 3938 huic
627 3896 732 3938 sancto
757 3883 838 3956 quod
865 3899 969 3937 sensus
993 3879 1080 3935 buius
1104 3892 1200 3935 textus
1225 3898 1315 3937 evan·

330 3969 398 4044 gelli
423 3983 466 4027 est
491 3988 523 4026 ex
548 3988 689 4043 processu
714 3968 838 4025 historie
854 3968 925 4025 satis
950 3968 1067 4042 planus,
1092 3965 1163 4042 quia
1187 3968 1311 4042 planum

380 4184 413 4226 27.
429 4173 450 4216 A
466 4173 488 4214 in
505 4184 590 4226 marp:
606 4172 758 4229 Augustinus.
854 4171 888 4215 lo.
905 4174 938 4215 A:
954 4171 1104 4215 transiemus.
1203 4169 1237 4225 37.
1252 4171 1274 4213 A
1288 4170 1311 4213 in

329 4237 413 4280 marg.:
429 4224 554 4268 lohannes.

381 4348 404 4382 2.
423 4332 513 4382 Matth.
532 4334 576 4393 Vl,
599 4349 635 4382 10.
739 4348 775 4399 ιι).
797 4332 853 4381 Col.
873 4332 913 4392 ΙΙΙ,
937 4348 956 4381 t.
1047 4347 1089 4394 24.
1105 4330 1164 4380 lob.
1184 4331 1249 4392 Xlll,
1272 4345 1311 4379 ro.

328 4416 368 4465 ²7-
388 4405 414 4452 S.
433 4404 594 4467 Augustinus
613 4404 629 4452 Ι.
649 4418 670 4452 c.
689 4418 747 4467 pag.
767 4400 826 4451 (itio.
