3098 5130
203 446 269 490 CAl’·
286 433 327 516 Χ]
479 451 523 499 bl:
544 447 780 498 AN'llCllRlSTO
800 448 863 495 llll.
884 447 913 496 ll.
1343 449 1405 509 3¹⁰

246 612 305 668 Sed
329 609 460 683 surrepit
484 608 589 665 diebus
613 607 724 664 nostris
736 606 906 680 periculosa
923 607 1035 663 heresis
1059 605 1186 662 nimium
1208 621 1228 661 x
1245 632 1294 678 nan
1311 619 1392 673 neres-y

205 697 370 772 practizata
401 699 437 752 de
470 696 613 769 gradibus
647 693 828 768 dignitatum
862 693 986 750 ecclesie
1021 672 1407 778 militantis,¹2³,lgssffeflnafhss'

204 804 272 843 cum
312 803 391 859 papa
430 784 542 840 electus
580 801 633 856 per
671 781 841 838 cardinales
879 781 1018 837 vendicat
1057 780 1188 854 primum
1242 776 1385 871 fglggffiqv

205 874 332 946 gradum
357 885 386 927 et
410 884 479 944 post
503 889 570 927 eum
597 869 766 926 cardinales
790 883 818 924 et
842 868 893 925 alii
917 869 1082 925 secundum
1108 869 1189 942 quod
1205 841 1334 932 ilduini,
1350 875 1403 922 ruho

181 958 269 1033 §ipse
291 958 419 1015 voluerit
443 957 590 1027 limitare3
616 971 644 1013 et
660 955 703 1013 sic
728 955 785 1012 ista
809 956 919 1013 veritas
936 953 1108 1029 evangelica
1130 933 1408 1028 quah⁰¹d0¹fff¹ss¹s⁵⁰¹l⁰⁸

206 1044 343 1102 Christus
367 1045 478 1101 diftinir
502 1046 582 1120 quod
602 1043 745 1100 humilior
769 1056 797 1099 et
821 1040 988 1100 servitirior
1012 1043 1068 1099 erit
1095 1041 1190 1098 maior
1210 1036 1401 1132 selgfflfflgfflllt't

205 1133 283 1190 inter
306 1132 379 1189 istos
404 1131 550 1189 hereticos
575 1144 618 1187 est
642 1130 757 1205 sopita;
788 1144 816 1186 et
840 1133 878 1187 ad
906 1143 1023 1186 tantum
1049 1131 1191 1185 exuberat

206 1223 260 1277 hec
284 1219 395 1277 heresis
420 1221 566 1294 usquead
583 1220 710 1275 caudam
737 1218 824 1274 huius
849 1217 958 1292 capitis
982 1218 1063 1291 quod
1085 1217 1191 1273 fratres

206 1308 308 1365 dicunt
333 1320 601 1382 quantumcunque
627 1306 704 1362 male
733 1303 872 1362 vixerint:
898 1304 1071 1378 quicunque
1096 1303 1192 1359 fidelis

167 1394 337 1469 roaliquem
363 1394 497 1468 ipsorum
523 1393 553 1449 in
578 1391 701 1449 nomine
726 1392 837 1449 Christi
861 1391 1003 1466 suscepit,
1037 1390 1190 1449 Christum

205 1481 344 1556 suscipit;
384 1495 413 1537 et
442 1484 496 1538 hec
529 1480 640 1536 heresis
673 1480 767 1537 lacius
792 1493 820 1536 et
844 1478 1015 1535 diuturnius
1047 1477 1192 1534 intoxicat

208 1568 386 1625 militantem
429 1567 586 1625 ecclesiam
622 1586 712 1642 quam
747 1567 891 1623 intoxicat
925 1565 1037 1623 heresis
1069 1565 1190 1627 Ariana.

208 1675 275 1713 curn
317 1655 453 1729 implicat
486 1657 566 1728 quod
600 1668 745 1711 statutum
779 1655 888 1728 papale
927 1668 971 1711 est
1004 1651 1192 1728 prestancius

208 1762 299 1816 quam
329 1741 486 1799 ordinacio
516 1741 685 1808 Trinitatis,
721 1755 749 1797 et
778 1760 811 1797 ex
836 1743 892 1798 hoc
925 1754 1041 1797 tantum
1076 1753 1192 1814 pertur-

170 1832 296 1887 ribatur
333 1828 459 1886 ecclesia
493 1831 573 1903 quod
607 1829 637 1885 in
671 1829 753 1885 clero
788 1842 832 1885 est
865 1829 953 1903 plena
986 1826 1192 1902 blasphemiis,

208 1916 310 1990 spoliis
332 1931 360 1974 et
385 1915 508 1991 rapinis,
529 1935 598 1971 cum
619 1916 822 1974 Antichristus
846 1935 907 1972 non
925 1915 1011 1972 timet
1028 1916 1193 1973 concedere

209 2017 413 2079 quotcumque
441 2002 648 2077 indulgencias
671 2022 706 2060 ac
733 2002 887 2078 privilegia
916 2017 1041 2078 propter
1065 2005 1194 2059 honores

210 2093 379 2147 mundanos
403 2104 431 2146 et
455 2104 644 2146 terrenorum
662 2105 828 2147 stercorum
848 2091 1048 2164 acquirenda:
1073 2089 1194 2146 etdicat

209 2178 304 2234 fidelis
321 2177 431 2235 Christi
456 2177 639 2235 sentenciam
657 2179 738 2251 quod
755 2176 928 2252 quicunque
945 2176 1034 2233 fuerit
1051 2175 1194 2233 humilior

167 2279 237 2321 20et
260 2263 415 2321 servitivor
448 2263 604 2320 militantis
628 2264 762 2333 ecclesie,
796 2263 843 2320 hic
867 2278 911 2320 est
936 2263 1033 2320 maior
1057 2277 1100 2334 ut,
1133 2262 1193 2318 sive

209 2352 297 2408 fuerit
321 2369 400 2425 papa
424 2350 484 2407 sive
508 2351 680 2421 cardinalis,
704 2351 765 2408 sive
790 2350 959 2426 episcopus,
984 2351 1045 2408 sive
1064 2367 1193 2424 persona

209 2438 267 2495 alia
291 2452 371 2496 secte
394 2437 509 2512 private
526 2438 586 2495 sive
603 2438 727 2513 simplex
753 2440 894 2495 sacerdos
911 2437 1019 2495 ruralis
1035 2440 1080 2495 vel
1097 2436 1194 2494 fidelis

209 2525 295 2596 alius,
328 2527 399 2581 dum
426 2524 514 2582 fuerit
545 2525 644 2582 maior
668 2525 698 2582 in
722 2525 891 2595 virtutibus,
916 2539 987 2583 tunc
1021 2539 1063 2582 est
1098 2524 1195 2581 maior

210 2614 290 2687 apud
323 2612 457 2669 divinum
483 2611 627 2669 iudicium
661 2627 689 2670 et
722 2612 900 2686 simpliciter
922 2627 994 2670 tunc
1019 2626 1062 2669 est
1087 2611 1193 2669 maior.

167 2698 346 2758 25Christus
369 2713 469 2756 autem
495 2702 597 2757 rolens
630 2700 716 2757 istam
750 2701 979 2757 contencionem
1015 2697 1194 2757 maioritatis
1217 2709 1296 2752 Christ
1312 2709 1390 2751 would

117 2789 181 2852 435⁶
210 2782 382 2867 repellere}
403 2786 542 2843 diffinivit
567 2791 644 2844 hanc
669 2788 874 2861 supradictam
892 2787 1077 2844 sentenciam
1106 2805 1194 2843 exan-
1235 2761 1380 2857 ¹¹⁸li⁰vfi¹f¹d⁰d

210 2874 336 2947 gelicam
362 2892 453 2948 quam
471 2893 562 2930 nemo
579 2873 760 2931 sensibiliter
777 2888 875 2948 potest
900 2875 1070 2931 discernere
1091 2875 1141 2930 sed
1160 2891 1193 2930 ex
1217 2859 1395 2961 bffissnlgssllffil

210 2980 300 3035 opere
339 2960 536 3034 probabiliter
574 2980 756 3036 supponere,
799 2980 836 3018 ne
875 2963 926 3018 liat
964 2961 1124 3018 contencio
1163 2960 1192 3016 in
1255 2943 1346 3026 ‘apptp

212 3047 383 3105 maioritate
407 3049 569 3105 mundana.
594 3048 797 3105 Antichristus
821 3062 921 3105 autern
946 3051 983 3105 ad
1009 3062 1125 3104 tantum
1147 3066 1193 3103 so·

169 3135 283 3210 sopivit
307 3136 363 3192 hoc
387 3134 523 3191 divinum
548 3135 706 3192 arbitrium
733 3138 814 3210 quod
840 3135 906 3210 ipso
927 3135 1051 3192 dimisso
1077 3149 1193 3192 tantum
1223 3173 1227 3182 ·

211 3221 377 3279 attenditur
393 3223 431 3278 ad
448 3220 605 3278 arbitrium
631 3223 819 3292 Antichristi,
844 3223 886 3280 sic
911 3225 993 3297 quod
1022 3222 1196 3297 quicunque

211 3309 353 3366 invexerit
370 3323 475 3365 contra
499 3310 554 3365 hos
570 3310 681 3382 gradus
704 3310 885 3384 dignitatum
903 3329 978 3385 quas
994 3309 1196 3366 Antichristus

211 3395 339 3453 instituit
377 3396 547 3453 censebitur
594 3396 742 3454 maximus
781 3396 929 3454 hereticus
973 3411 1000 3453 et
1038 3411 1194 3471 tamquam

211 3501 328 3540 summe
345 3481 483 3540 diabolus
499 3486 680 3557 perturbans
698 3484 854 3541 ecclesiam
872 3483 1021 3558 punietur.
1046 3487 1103 3540 lsta
1125 3503 1196 3556 ergo

169 3572 199 3625 35
212 3570 323 3626 heresis
347 3569 390 3626 sic
415 3572 594 3644 perturbans
612 3572 769 3628 ecclesiam
795 3574 946 3628 destructa
971 3571 1047 3627 foret
1070 3570 1196 3626 viriliter

211 3676 228 3714 a
251 3657 562 3715 sanctis-doctoribus
585 3658 635 3732 qui
661 3659 788 3715 heresim
814 3660 1024 3715 destruxerant
1040 3657 1194 3714 Arianam„

212 3746 269 3802 Sed
294 3758 366 3801 tunc
382 3759 537 3819 oporteret
563 3747 732 3803 mundanas
757 3745 880 3803 divicias
905 3759 933 3802 et
950 3747 1081 3801 honores
1103 3743 1195 3801 seculi

211 3832 334 3889 aclero
357 3834 512 3889 extrahere
536 3846 564 3889 et
597 3833 749 3907 quiescere
783 3833 812 3889 in
845 3834 909 3907 lege
942 3847 970 3889 et
998 3832 1196 3888 ordinacione

212 3917 328 3975 domini
351 3921 419 3975 lesu
444 3919 566 3976 Christi.

168 4024 202 4070 40
255 4005 441 4080 Sophisticat
473 4021 572 4063 autem
605 4007 778 4080 specialiter
811 4009 907 4064 cauda
940 4006 1028 4062 huius
1055 4003 1405 4087 draconisT„,.„0„,.·„„1

212 4095 295 4167 quod
319 4093 492 4168 quicunque
525 4092 644 4150 illorum
680 4094 709 4150 in
741 4094 863 4151 nominc
887 4093 999 4151 Christi
1031 4092 1193 4168 quicquam
1264 4088 1354 4140 appear.

212 4179 347 4255 pecierit,
371 4179 534 4256 quicquam
558 4181 614 4237 sibi
639 4181 765 4251 dederit,
790 4181 873 4238 dabit
891 4181 1021 4251 Christo,
1046 4194 1075 4237 et
1096 4180 1196 4255 primo
1216 4139 1403 4236 xopqtttqghtpxr

265 4414 284 4456 7.
302 4402 336 4443 Ax
351 4401 413 4443 inter
426 4400 501 4443 twice.
589 4402 616 4445 15.
633 4403 665 4444 Α;
681 4400 825 4456 blasphemis.
907 4413 936 4455 ¹7·
952 4400 1040 4444 codd:
1054 4401 1196 4456 pravilegia.
