3098 5130
128 441 253 498 XXVIII

127 614 346 674 abhominabile
370 616 522 684 desolans,
546 617 615 674 loco
639 618 749 694 prioris

126 723 243 798 patroni
276 740 349 778 suos
385 722 521 798 hospites
554 721 749 779 consolantis.

127 826 177 884 Sic
202 826 322 884 indubie
352 838 455 904 potest
485 828 597 883 intrans
632 827 750 884 domum

127 931 256 988 ecclesie
289 931 326 988 de
350 951 431 1009 papa
459 930 570 1000 dicere,
604 934 654 1009 qui
676 933 751 990 salsa

128 1038 322 1114 pretensione
360 1049 491 1115 occupat
530 1038 628 1095 locum
652 1038 749 1105 Cristi‚

618 457 894 510 IN'IRODUCTION.

803 616 1023 694 patrefamilias,
1061 618 1143 693 quod
1180 630 1226 675 est
1249 618 1425 675 abhomina-

803 721 863 778 bile
896 722 1037 778 desolans
1060 722 1130 779 loco
1164 724 1274 798 prioris
1309 725 1427 799 patroni

804 847 877 884 suos
900 828 1035 903 hospites
1068 828 1260 888 consolantis.
1295 829 1345 887 Sic
1383 831 1427 885 in·

805 931 895 989 dubie
919 945 1021 1009 potest
1051 934 1162 990 intrans
1186 933 1305 990 domum
1329 935 1428 992 eccle·

804 1039 848 1094 sle
872 1036 910 1094 de
934 1056 1014 1114 papa
1038 1036 1148 1106 dicere,
1182 1039 1231 1113 qui
1260 1037 1334 1095 salsa
1357 1058 1428 1116 pre·

128 1141 209 1218 quod
233 1152 279 1198 est
301 1140 512 1200 abhomInacio
536 1142 748 1204 desolaci0nis.
801 1143 937 1199 tensione
985 1154 1115 1218 occupat
1165 1142 1263 1199 locum
1309 1142 1428 1211 Christi,

128 1245 195 1303 Stat
224 1259 320 1303 autem
353 1247 381 1305 in
404 1247 474 1305 loco
507 1261 612 1306 sancto
645 1250 749 1306 intelli·

130 1350 231 1424 gendo
256 1393 456 1415 .......

803 1247 884 1324 quod
909 1259 956 1304 est
982 1246 1191 1304 abhominacio
1215 1247 1429 1306 desolacioniS.

804 1353 870 1411 Stat
893 1365 990 1409 autem
1023 1353 1052 1408 in
1083 1352 1153 1410 loco
1186 1365 1293 1410 sancto
1321 1354 1428 1410 intelli-

805 1457 906 1531 gendo
931 1499 1132 1518 .......

232 1667 265 1723 In
287 1667 337 1724 the
359 1666 513 1743 following
529 1668 671 1746 chapters
687 1668 737 1725 the
753 1666 946 1724 colncidence
968 1668 994 1724 is
1009 1679 1063 1726 not
1077 1686 1113 1726 so
1135 1667 1271 1742 strongly
1293 1667 1429 1736 marked,

134 1769 188 1828 but
208 1771 266 1828 still
288 1772 357 1830 itis
381 1772 461 1851 quite
484 1773 574 1849 plain.

234 1928 286 1990 iol.
314 1930 384 1992 106.

174 2068 360 2127 Sacerdotes
393 2082 489 2127 autem
523 2072 571 2146 qui
604 2073 632 2126 in
658 2069 754 2147 Judea

131 2185 206 2242 sunt,
240 2174 299 2230 hoc
332 2186 387 2242 est,
425 2175 454 2231 ln
482 2174 673 2232 confessione
704 2193 755 2230 or·

131 2277 206 2334 dinis
237 2279 397 2348 christiani,
430 2279 542 2337 debent
573 2278 611 2336 ad
639 2290 755 2335 montes

132 2381 246 2455 fugere,
275 2384 334 2439 hoc
358 2396 413 2451 est,
447 2384 484 2440 ad
508 2397 629 2440 sanctos
653 2395 755 2460 patres

133 2488 215 2562 prius
242 2501 377 2545 mortuos
394 2501 423 2546 et
439 2487 672 2566 operacionibus
688 2489 754 2562 (sic)

134 2609 169 2646 ac
195 2592 337 2670 exemplis
372 2611 475 2650 eorum
508 2594 629 2650 viriliter
662 2611 755 2667 agere

134 2695 162 2750 In
179 2695 298 2752 Christo
322 2698 455 2753 remedio
473 2711 503 2754 et
518 2698 665 2754 adiutorio
682 2716 755 2753 con·

135 2798 264 2867 lidend0‚
303 2803 382 2858 iuxta
415 2803 484 2859 illud
517 2802 625 2859 Psalmi
658 2801 754 2858 CXX:

134 2903 247 2962 Levavi
265 2906 371 2964 oculos
389 2927 473 2964 meos
490 2909 518 2963 in
535 2920 662 2976 montes,
678 2905 756 2962 unde

135 3009 234 3064 veniat
265 3009 399 3066 auxilium
432 3011 528 3071 michi.
566 3009 650 3067 Sicut
682 3011 757 3066 enim

136 3113 254 3188 priores
279 3116 416 3191 asperius
449 3115 504 3171 sed
536 3134 596 3171 non
624 3114 757 3172 callidius

136 3220 288 3294 persecuti
321 3232 389 3276 sunt
411 3261 419 3277 .
445 3268 451 3283 ‚
476 3266 484 3282 .
507 3222 551 3278 sic
585 3222 634 3297 qui
667 3220 757 3278 confr·

136 3335 233 3379 lentur
257 3365 264 3380 .
289 3368 296 3386 .
321 3365 328 3380 .

911 1931 958 1987 De
981 1929 1174 1997 Antichrist0,
1199 1949 1228 2006 p.
1257 1947 1325 2006 179.

851 2068 1036 2127 Sacerdotes
1071 2083 1168 2126 autem
1201 2072 1251 2146 qui
1279 2072 1308 2126 ln
1334 2070 1431 2146 Judea

807 2186 884 2241 sunt,
907 2175 967 2231 hoc
988 2187 1042 2242 est,
1067 2176 1094 2230 in
1112 2174 1303 2232 confessione
1319 2175 1432 2231 ordinis

809 2280 968 2347 christiani,
993 2278 1104 2336 debent
1124 2277 1161 2335 ad
1177 2292 1294 2336 montes
1316 2278 1431 2352 sugere,

808 2383 867 2440 hoc
900 2396 954 2448 est,
989 2383 1026 2439 ad
1059 2396 1182 2441 sanctos
1210 2394 1312 2460 patres
1350 2383 1432 2459 prius

808 2501 943 2544 mortuos
967 2499 997 2543 et
1019 2488 1189 2564 specialiter
1220 2487 1258 2544 ad
1283 2487 1430 2544 Christum

810 2606 839 2649 et
854 2612 928 2650 suos
945 2593 1104 2669 apostolos
1128 2604 1158 2649 et
1182 2639 1187 2652 .
1213 2637 1220 2653 .
1244 2634 1251 2648 .
1277 2633 1285 2649 .
1309 2590 1430 2649 oracio·

809 2697 896 2755 nibus
928 2717 964 2754 ac
999 2698 1142 2774 exemplis
1175 2715 1277 2753 eorum
1311 2696 1432 2753 viriliter

810 2822 903 2877 agere
942 2804 970 2858 in
1005 2801 1112 2858 Christi
1146 2799 1278 2857 remedio
1316 2812 1346 2856 et
1377 2798 1430 2856 ad·

809 2909 917 2964 iutorio
947 2905 1126 2963 considendo
1154 2907 1233 2961 iuxta
1255 2904 1324 2961 illud
1348 2903 1431 2962 Psal-

810 3013 846 3068 mi
871 3011 954 3068 CXX
978 3052 1111 3071 .....

241 3517 305 3575 Nor
327 3536 379 3576 are
402 3519 452 3577 the
476 3518 561 3577 dates
586 3518 699 3598 quoted
723 3520 751 3577 in
775 3519 822 3576 De
846 3516 1029 3576 Antichristo
1052 3514 1182 3586 wanting
1204 3512 1234 3569 in
1256 3510 1306 3568 the
1323 3510 1431 3568 Tract:

137 3621 184 3679 sor
206 3621 354 3680 instance:

243 3746 360 3816 Quarto
384 3745 477 3804 sames
493 3747 609 3804 luerunt
632 3749 660 3803 in
683 3744 867 3825 pauperibus
890 3746 919 3801 in
942 3742 1036 3800 multis
1053 3742 1128 3797 locis
1145 3741 1264 3807 exteris,
1288 3752 1318 3795 et
1333 3739 1434 3815 quinto

138 3851 337 3908 Terremotus
360 3853 442 3908 visus
459 3864 505 3908 est
527 3853 555 3910 in
572 3852 680 3926 Anglia
697 3870 774 3908 anno
799 3850 908 3906 domini
929 3848 1019 3924 1381,
1044 3847 1119 3903 sicut
1143 3856 1173 3901 et
1195 3856 1357 3921 perceptus
1381 3862 1437 3919 per

138 3954 227 4011 multa
251 3956 307 4012 alia
330 3956 399 4013 loca
423 4002 429 4016 .
455 4000 462 4016 .
487 4004 494 4016 .
520 4004 527 4018 .

243 4078 313 4136 The
341 4079 411 4154 only
442 4082 606 4154 remaining
638 4080 777 4156 question
808 4080 833 4135 is
865 4077 998 4134 whether
1029 4074 1085 4130 this
1109 4072 1276 4148 Expositio,
1308 4070 1363 4127 &o
1387 4070 1435 4125 De

139 4181 322 4242 Antichristo
346 4185 370 4240 is
394 4184 484 4259 really
510 4203 547 4240 an
571 4185 658 4260 Opus
680 4181 862 4256 hlagistrale.

243 4288 276 4344 ln
298 4288 399 4346 works
422 4288 456 4345 oi
476 4289 525 4344 the
548 4287 628 4355 kind,
652 4290 673 4343 it
695 4306 757 4343 was
781 4286 830 4342 the
855 4297 970 4340 custom
994 4282 1041 4338 for
1064 4283 1113 4337 the
1137 4280 1244 4336 author
1268 4278 1379 4351 always
1404 4290 1434 4332 to

139 4391 208 4465 give
232 4411 250 4447 a
273 4392 446 4451 confession
469 4392 503 4450 os
524 4391 604 4450 faith.
628 4393 639 4446 I
664 4411 730 4466 may
755 4392 840 4467 point
863 4390 891 4446 in
908 4387 1001 4464 prooI
1020 4386 1054 4443 os
1066 4386 1122 4442 this
1139 4397 1168 4441 to
1185 4385 1234 4440 the
1258 4382 1434 4454 interestIng
