3098 5130
141 1951 307 1995 Cluvsostom:

132 2003 177 2046 We
191 1999 276 2045 'should
292 2003 320 2044 be

575 477 664 527 orvs
684 476 936 528 rvnuomrcun
958 475 1021 524 tra.
1041 474 1081 523 ut.
1158 453 1240 536 [car.
1255 464 1321 510 xvc

335 637 463 691 ascendit
487 639 604 694 aliunde
627 639 676 695 ille
691 641 750 714 sur
774 649 815 695 est
839 649 865 693 et
889 638 976 693 latro.
1011 638 1095 693 Patet
1118 636 1200 709 quod
1225 634 1323 690 fidelis

336 721 383 778 cui
409 726 488 781 Deus
520 725 601 782 dedit
625 725 769 782 noticiam
795 738 838 782 est
862 742 895 781 ex
919 721 1124 781 taciturnitate
1157 734 1209 779 aut
1231 720 1324 778 omis·

335 809 419 866 sione
452 811 545 870 instar
576 814 791 887 prophetarum
827 831 844 868 a
874 811 1006 868 Domino
1038 811 1261 885 reprobandus3
1294 821 1325 866 et

336 898 393 953 hoc
426 897 503 956 inter
534 899 593 957 alia
627 914 726 957 movet
762 901 909 975 quosdam
944 897 1048 955 fideles
1079 910 1167 954 acute
1195 913 1324 971 arguere

336 997 440 1042 contra
473 985 603 1044 crimina
637 988 666 1043 in
700 986 756 1044 hiis
789 985 888 1056 sectis,
913 986 985 1061 quia
1008 985 1171 1059 Apostolus
1194 982 1351 1058 precipiti

334 1071 405 1128 Tito
429 1093 559 1151 arguere
582 1093 633 1132 eos
657 1077 739 1133 dure.
765 1077 802 1131 Et
819 1087 901 1149 patet
917 1074 1073 1149 quomodo
1090 1069 1325 1146 reprobaciones

336 1161 510 1232 personales
536 1176 563 1218 et
588 1161 662 1219 alias
687 1161 921 1237 reprobaciones
944 1161 1070 1218 sectales
1087 1157 1203 1216 suntin
1220 1157 1326 1216 acucie

338 1248 545 1305 moderamine
569 1264 596 1306 et
624 1249 754 1306 racionis
778 1249 938 1306 libramine
958 1249 1131 1306 exercende.
1155 1248 1224 1303 Non
1241 1244 1324 1303 enim

336 1333 459 1392 acucius
491 1355 650 1410 possumus
683 1338 823 1394 invehere
858 1351 964 1393 contra
997 1348 1094 1392 sectas
1118 1333 1208 1390 falsas
1231 1351 1324 1409 quam

337 1421 474 1479 Christus
509 1423 660 1481 invenerat
694 1439 799 1481 contra
833 1423 916 1494 istas,
949 1422 1021 1497 quia
1045 1436 1077 1478 ut
1101 1420 1205 1478 dicunt
1228 1419 1372 1478 sanctire

338 1509 474 1566 Christus
498 1530 559 1568 non
582 1513 680 1569 solum
705 1511 815 1569 invexit
845 1512 891 1568 vel
916 1509 1108 1585 prophetavit
1132 1507 1327 1582 octupliciter

338 1608 443 1654 contra
476 1597 558 1656 istas.
592 1601 650 1657 Sed
684 1618 752 1655 cum
777 1599 815 1656 sit
839 1600 900 1674 ipse
922 1598 971 1673 qui
993 1597 1080 1668 dixit,
1105 1607 1132 1653 et
1147 1597 1235 1671 sacta
1258 1606 1327 1652 sunt

338 1684 550 1744 auctoritative
574 1686 827 1761 prenunciaverat
845 1685 903 1742 illis
920 1703 1041 1760 penam.
1065 1685 1238 1741 Teneamus
1254 1701 1327 1757 ergo

338 1773 438 1845 quoad
472 1788 592 1831 nostras
625 1793 770 1849 personas
804 1772 989 1830 mundiciam
1023 1784 1052 1829 et
1075 1789 1239 1845 arguamus
1262 1783 1325 1827 tam

338 1873 435 1916 sectas
468 1880 559 1934 quam
594 1881 739 1936 personas
772 1875 859 1918 acute
892 1879 961 1917 cum
994 1857 1154 1916 libramine
1187 1855 1372 1917 racionis.15

339 1945 544 2005 Crisostomus
576 1964 675 2006 autem
708 1949 751 2006 sic
785 1947 919 2023 loquitur
950 1947 981 2003 in
1012 1948 1068 2003 hoc
1099 1946 1184 2002 loco:
1218 1944 1329 2000 Merito

344 2033 350 2045 Ι

125 2057 186 2098 wrm
202 2068 236 2097 ue
251 2066 321 2097 seem.
339 2045 482 2090 iustorum
507 2055 634 2111 corpora
658 2038 767 2112 templa
791 2036 938 2105 dicuntur,
962 2034 1028 2109 quia
1044 2033 1141 2089 anima
1158 2033 1185 2087 in
1202 2049 1329 2107 corpore

339 2121 409 2177 iusti
430 2122 597 2179 dominatur
619 2136 646 2180 et
669 2134 776 2202 regnat
799 2123 884 2198 quasi
897 2122 978 2178 Deus
1002 2121 1030 2176 in
1053 2121 1172 2196 templu,
1190 2119 1237 2175 vel
1250 2130 1331 2176 certe

341 2209 474 2283 qnoniam
498 2211 559 2285 ipse
582 2211 662 2268 Dens
686 2214 713 2266 iu
737 2211 910 2286 corporibus
938 2209 1048 2264 habitat
1071 2207 1164 2265 iustis.
1193 2205 1329 2282 Corpora

341 2306 435 2352 autem
465 2310 652 2372 peccatorum
687 2300 823 2374 sepulcra
859 2298 994 2353 dicuntur
1031 2304 1226 2366 mortuorum,
1263 2292 1376 2367 quiana

340 2383 436 2439 anima
461 2396 634 2443 mortuaest
658 2387 686 2441 in
703 2404 828 2461 corpore
840 2383 1014 2459 peccatoris.
1043 2383 1109 2438 Non
1132 2381 1207 2437 enim
1231 2380 1331 2436 vivens

337 2472 470 2546 putanda
507 2483 558 2541 est,
592 2475 657 2547 quia
681 2473 771 2529 nichil
802 2473 897 2527 vivum
932 2481 982 2526 aut
1014 2469 1166 2544 spirituale
1200 2467 1264 2545 agit
1301 2467 1331 2521 in

342 2576 467 2633 corpore
491 2561 536 2616 uel
559 2560 625 2635 quia
649 2579 730 2617 mors
753 2561 814 2635 ipsa
839 2560 867 2614 in
891 2557 1064 2634 corporibus
1088 2555 1198 2613 habitat
1217 2564 1330 2610 mortu·

342 2664 436 2702 orum.
473 2648 553 2703 Sicut
585 2666 658 2725 ergo
690 2648 857 2722 sepulcrum
891 2644 1028 2721 quamdiu
1060 2644 1174 2719 quidem
1199 2642 1329 2698 clausum

343 2744 385 2788 est
414 2734 551 2808 pulcrum
586 2735 700 2790 uidetur
728 2754 744 2789 a
766 2735 860 2808 soris,
892 2733 918 2787 si
949 2749 1019 2788 nero
1049 2731 1147 2806 suerit
1184 2735 1376 2806 apertum,25

343 2821 483 2877 horribile
506 2833 558 2892 est,
581 2822 622 2878 sic
645 2833 672 2877 et
694 2822 881 2878 simulatores
904 2821 1045 2876 bonorum
1061 2816 1199 2894 quamdiu
1215 2816 1330 2892 quidem

343 2926 398 2962 non
432 2920 659 2985 cognoscuntur,
691 2909 853 2965 laudabiles
884 2917 968 2975 sunt;
999 2924 1063 2961 cum
1097 2915 1192 2961 autern
1220 2902 1334 2981 cogniti

345 2994 471 3068 suerint,
488 2996 672 3052 inveniuntur
687 2996 924 3053 abhominabiles.
950 2994 1006 3049 Dic
1015 2993 1169 3071 ypocrita,
1186 2991 1332 3047 sibonum

344 3091 455 3137 estnon
472 3100 534 3139 esse
549 3085 658 3139 malum
675 3096 705 3138 nt
722 3083 790 3158 quid
806 3084 849 3139 vis
865 3101 920 3139 non
936 3099 998 3138 esse
1014 3081 1091 3155 quod
1106 3080 1149 3136 vis
1164 3076 1334 3155 apparere?

346 3168 421 3223 Nam
454 3170 531 3244 quod
562 3180 648 3245 turpe
679 3182 720 3227 est
752 3188 899 3246 apparere
931 3168 1046 3244 turpius
1083 3178 1125 3224 est
1148 3184 1225 3235 esse;
1254 3164 1378 3243 qnodlo

344 3265 439 3311 autern
455 3257 627 3331 formosum
652 3269 693 3313 est
716 3275 872 3333 apparere,
897 3255 1065 3331 formosius
1093 3267 1135 3312 est
1158 3271 1228 3312 esse.
1262 3252 1332 3309 Ideo

345 3353 394 3396 atu
418 3354 477 3398 esto
501 3346 578 3418 qnod
605 3363 731 3421 appares
765 3357 815 3401 aut
838 3361 950 3421 appare
972 3343 1049 3418 quod
1072 3360 1112 3414 es,
1143 3341 1209 3416 qnia
1241 3339 1334 3395 mani-

346 3430 460 3504 sesturn
486 3432 593 3487 malurn
618 3451 634 3487 a
658 3433 834 3508 sapientibus
858 3451 913 3488 non
937 3429 1171 3506 reprehenditur,
1195 3429 1265 3484 dum
1288 3426 1332 3482 in-

345 3517 425 3571 sania
449 3518 611 3575 estimatur.
636 3521 699 3576 Hec
724 3520 938 3576 Crisostomus.

390 3604 516 3662 Videtur
541 3605 630 3662 istum
656 3620 792 3663 sanctum
818 3607 898 3663 istud
913 3607 957 3661 Ve
980 3603 1142 3678 septimum
1161 3600 1378 3677 specialiter35

348 3692 491 3764 ypocritis
515 3693 684 3768 applicare;
710 3709 736 3750 ct
761 3693 831 3751 hinc
862 3693 995 3750 creditur
1018 3704 1143 3766 propter
1166 3687 1334 3747 indelebili-

348 3791 439 3835 tatcm
479 3780 564 3836 istius
597 3782 712 3855 peccati
746 3783 826 3856 quod
851 3781 988 3838 Christus
1021 3797 1072 3836 eos
1104 3788 1333 3852 comparaverat

400 3999 460 4042 5-6.
476 4001 509 4043 A:
526 4005 608 4043 contra
618 4012 758 4056 *arguere
773 4000 844 4044 deest.
913 4012 939 4044 u.
955 4003 988 4042 A:
1004 3999 1152 4054 octipliciter.
1226 3997 1294 4040 16.Α
1309 3994 1333 4039 in

349 4061 399 4093 mnr
417 4067 434 4093 .:
458 4053 620 4096 Crisostomus.
702 4065 731 4105 ¹7·
755 4053 785 4094 13:
808 4055 919 4109 qraonr'am
943 4052 1029 4095 anima.
1109 4052 1140 4094 18.
1165 4050 1194 4093 B:
1216 4053 1243 4091 nt
1262 4053 1333 4109 certe.

348 4114 377 4144 rr.
422 4105 806 4156 :aninradcesnibdnuvens.
880 4107 915 4148 ro.
932 4105 1068 4159 lhpuidem
1083 4104 1154 4146 deest.
1221 4101 1333 4144 28.Am

350 4167 434 4209 niara:
454 4157 543 4199 Contra
553 4158 682 4211 ypocritas.
750 4155 784 4208 31·
800 4158 821 4200 A
837 4158 859 4200 in
876 4170 961 4209 mara:
977 4157 1085 4200 detesto
1100 4154 1164 4208 quod
1176 4164 1278 4208 appares
1291 4156 1335 4195 aut

348 4219 440 4262 appare
454 4209 518 4265 qnod
531 4222 562 4251 er.
578 4209 742 4251 Crisostomus.
810 4209 841 4252 35.
858 4212 878 4252 Α
893 4211 915 4252 iu
933 4222 1019 4263 mauu:
1034 4207 1160 4251 lohannes.

366 4404 372 4450 1
401 4336 425 4382 6.
444 4334 496 4449 ‘l'ip
516 4335 533 4394 l,
552 4354 576 4401 u,
598 4335 625 4395 ll,
650 4335 686 4384 15.
748 4334 784 4383 rb.
809 4337 860 4400 (lp
881 4337 944 4399 lmp.
964 4335 1013 4383 l.c
1041 4350 1066 4398 p.
1086 4331 1258 4382 ctrxxxvttt
1278 4330 1332 4394 (ed.

350 4414 392 4451 ut.
412 4420 435 4467 p.
456 4409 527 4471 920).
