<?xml version="1.0" encoding="UTF-8"?>
<!DOCTYPE html PUBLIC "-//W3C//DTD XHTML 1.0 Transitional//EN"
    "http://www.w3.org/TR/xhtml1/DTD/xhtml1-transitional.dtd">
<html xmlns="http://www.w3.org/1999/xhtml" xml:lang="en" lang="en">
 <head>
  <title>
</title>
<meta http-equiv="Content-Type" content="text/html;charset=utf-8" />
  <meta name='ocr-system' content='tesseract 3.04.00' />
  <meta name='ocr-capabilities' content='ocr_page ocr_carea ocr_par ocr_line ocrx_word'/>
</head>
<body>
  <div class='ocr_page' id='page_1' title='image "./iohanniswyclifo01wyclgoog_0262.png"; bbox 0 0 3098 5130; ppageno 0'>
   <div class='ocr_carea' id='block_1_1' title="bbox 196 488 918 571">
    <p class='ocr_par' dir='ltr' id='par_1_1' title="bbox 196 488 918 571">
     <span class='ocr_line' id='line_1_1' title="bbox 196 488 918 571; baseline 0.007 -21"><span class='ocrx_word' id='word_1_1' title='bbox 196 502 263 545; x_wconf 71' lang='lat' dir='ltr'><em>css.</em></span> <span class='ocrx_word' id='word_1_2' title='bbox 279 488 339 571; x_wconf 64' lang='lat' dir='ltr'><em>ux]</em></span> <span class='ocrx_word' id='word_1_3' title='bbox 494 507 538 555; x_wconf 81' lang='lat' dir='ltr'><em>os</em></span> <span class='ocrx_word' id='word_1_4' title='bbox 560 505 797 556; x_wconf 74' lang='lat' dir='ltr'><em>AN&#39;rtCHmsTo</em></span> <span class='ocrx_word' id='word_1_5' title='bbox 818 508 881 556; x_wconf 71' lang='lat' dir='ltr'><em>cus.</em></span> <span class='ocrx_word' id='word_1_6' title='bbox 901 508 918 555; x_wconf 89' lang='grc' dir='ltr'><em>ι.</em></span> 
     </span>
    </p>
   </div>
   <div class='ocr_carea' id='block_1_2' title="bbox 146 667 1378 4054">
    <p class='ocr_par' dir='ltr' id='par_1_2' title="bbox 150 667 1178 2726">
     <span class='ocr_line' id='line_1_2' title="bbox 194 667 1178 742; baseline 0.001 -20"><span class='ocrx_word' id='word_1_7' title='bbox 194 679 289 722; x_wconf 92' lang='lat' dir='ltr'><em>autem</em></span> <span class='ocrx_word' id='word_1_8' title='bbox 314 668 393 723; x_wconf 90' lang='lat' dir='ltr'><em>mala</em></span> <span class='ocrx_word' id='word_1_9' title='bbox 417 667 530 741; x_wconf 86' lang='lat' dir='ltr'><em>quidem</em></span> <span class='ocrx_word' id='word_1_10' title='bbox 556 667 661 742; x_wconf 82' lang='lat' dir='ltr'><em>deponi</em></span> <span class='ocrx_word' id='word_1_11' title='bbox 683 669 718 722; x_wconf 90' lang='lat' dir='ltr'><em>ob</em></span> <span class='ocrx_word' id='word_1_12' title='bbox 742 668 791 738; x_wconf 87' lang='lat' dir='ltr'><em>eis,</em></span> <span class='ocrx_word' id='word_1_13' title='bbox 820 669 893 722; x_wconf 89' lang='lat' dir='ltr'><em>bona</em></span> <span class='ocrx_word' id='word_1_14' title='bbox 917 678 1012 723; x_wconf 87' lang='lat' dir='ltr'><em>autem</em></span> <span class='ocrx_word' id='word_1_15' title='bbox 1038 686 1092 723; x_wconf 92' lang='lat' dir='ltr'><em>non</em></span> <span class='ocrx_word' id='word_1_16' title='bbox 1116 686 1178 724; x_wconf 89' lang='lat' dir='ltr'><em>sus-</em></span> 
     </span>
     <span class='ocr_line' id='line_1_3' title="bbox 195 754 1177 830; baseline 0.001 -20"><span class='ocrx_word' id='word_1_17' title='bbox 195 755 271 829; x_wconf 82' lang='lat' dir='ltr'><em>cipit,</em></span> <span class='ocrx_word' id='word_1_18' title='bbox 296 754 347 810; x_wconf 91' lang='lat' dir='ltr'><em>ille</em></span> <span class='ocrx_word' id='word_1_19' title='bbox 370 754 478 810; x_wconf 91' lang='lat' dir='ltr'><em>dicitur</em></span> <span class='ocrx_word' id='word_1_20' title='bbox 500 765 616 830; x_wconf 91' lang='lat' dir='ltr'><em>apertos</em></span> <span class='ocrx_word' id='word_1_21' title='bbox 639 756 746 810; x_wconf 85' lang='lat' dir='ltr'><em>habere</em></span> <span class='ocrx_word' id='word_1_22' title='bbox 769 754 913 813; x_wconf 79' lang='lat' dir='ltr'><em>introitus.</em></span> <span class='ocrx_word' id='word_1_23' title='bbox 942 755 1103 830; x_wconf 81' lang='lat' dir='ltr'><strong><em>Propterea</em></strong></span> <span class='ocrx_word' id='word_1_24' title='bbox 1129 775 1177 811; x_wconf 80' lang='lat' dir='ltr'><em>ua·</em></span> 
     </span>
     <span class='ocr_line' id='line_1_4' title="bbox 194 841 1178 918; baseline 0.001 -21"><span class='ocrx_word' id='word_1_25' title='bbox 194 854 292 897; x_wconf 88' lang='lat' dir='ltr'><em>cantes</em></span> <span class='ocrx_word' id='word_1_26' title='bbox 312 860 361 897; x_wconf 91' lang='lat' dir='ltr'><em>eos</em></span> <span class='ocrx_word' id='word_1_27' title='bbox 385 841 530 897; x_wconf 83' lang='lat' dir='ltr'><em>inveniens</em></span> <span class='ocrx_word' id='word_1_28' title='bbox 554 841 686 898; x_wconf 90' lang='lat' dir='ltr'><em>inimicus</em></span> <span class='ocrx_word' id='word_1_29' title='bbox 711 842 801 897; x_wconf 90' lang='lat' dir='ltr'><em>intrat</em></span> <span class='ocrx_word' id='word_1_30' title='bbox 826 843 864 911; x_wconf 92' lang='lat' dir='ltr'><em>ad</em></span> <span class='ocrx_word' id='word_1_31' title='bbox 889 843 1027 898; x_wconf 86' lang='lat' dir='ltr'><em>animaru.</em></span> <span class='ocrx_word' id='word_1_32' title='bbox 1054 843 1178 918; x_wconf 81' lang='lat' dir='ltr'><em>Propter</em></span> 
     </span>
     <span class='ocr_line' id='line_1_5' title="bbox 194 929 1178 1004; baseline 0.001 -21"><span class='ocrx_word' id='word_1_33' title='bbox 194 930 271 1004; x_wconf 87' lang='lat' dir='ltr'><em>quod</em></span> <span class='ocrx_word' id='word_1_34' title='bbox 302 947 374 1004; x_wconf 92' lang='lat' dir='ltr'><em>opus</em></span> <span class='ocrx_word' id='word_1_35' title='bbox 406 939 448 984; x_wconf 90' lang='lat' dir='ltr'><em>est</em></span> <span class='ocrx_word' id='word_1_36' title='bbox 480 939 510 982; x_wconf 89' lang='lat' dir='ltr'><em>ut</em></span> <span class='ocrx_word' id='word_1_37' title='bbox 533 929 582 984; x_wconf 89' lang='lat' dir='ltr'><em>isti</em></span> <span class='ocrx_word' id='word_1_38' title='bbox 603 929 741 985; x_wconf 81' lang='lat' dir='ltr'><em>introitus</em></span> <span class='ocrx_word' id='word_1_39' title='bbox 774 948 829 984; x_wconf 88' lang='lat' dir='ltr'><em>non</em></span> <span class='ocrx_word' id='word_1_40' title='bbox 860 930 955 985; x_wconf 90' lang='lat' dir='ltr'><em>solnm</em></span> <span class='ocrx_word' id='word_1_41' title='bbox 988 947 1044 984; x_wconf 94' lang='lat' dir='ltr'><em>non</em></span> <span class='ocrx_word' id='word_1_42' title='bbox 1077 941 1178 986; x_wconf 86' lang='lat' dir='ltr'><em>vacent</em></span> 
     </span>
     <span class='ocr_line' id='line_1_6' title="bbox 170 1014 1178 1092; baseline 0.002 -21"><span class='ocrx_word' id='word_1_43' title='bbox 170 1017 221 1071; x_wconf 72' lang='lat' dir='ltr'><em>bin</em></span> <span class='ocrx_word' id='word_1_44' title='bbox 245 1014 340 1085; x_wconf 87' lang='lat' dir='ltr'><em>malis,</em></span> <span class='ocrx_word' id='word_1_45' title='bbox 363 1017 416 1072; x_wconf 90' lang='lat' dir='ltr'><em>sed</em></span> <span class='ocrx_word' id='word_1_46' title='bbox 438 1015 527 1071; x_wconf 89' lang='lat' dir='ltr'><em>eciam</em></span> <span class='ocrx_word' id='word_1_47' title='bbox 545 1028 576 1072; x_wconf 91' lang='lat' dir='ltr'><em>ut</em></span> <span class='ocrx_word' id='word_1_48' title='bbox 591 1016 647 1072; x_wconf 90' lang='lat' dir='ltr'><em>sint</em></span> <span class='ocrx_word' id='word_1_49' title='bbox 663 1015 756 1072; x_wconf 92' lang='lat' dir='ltr'><em>clausi</em></span> <span class='ocrx_word' id='word_1_50' title='bbox 770 1027 797 1072; x_wconf 93' lang='lat' dir='ltr'><em>et</em></span> <span class='ocrx_word' id='word_1_51' title='bbox 816 1016 898 1092; x_wconf 91' lang='lat' dir='ltr'><em>pleni</em></span> <span class='ocrx_word' id='word_1_52' title='bbox 912 1028 940 1072; x_wconf 89' lang='lat' dir='ltr'><em>et</em></span> <span class='ocrx_word' id='word_1_53' title='bbox 962 1016 1083 1092; x_wconf 87' lang='lat' dir='ltr'><em>oppilati</em></span> <span class='ocrx_word' id='word_1_54' title='bbox 1097 1018 1178 1074; x_wconf 92' lang='lat' dir='ltr'><em>bonis</em></span> 
     </span>
     <span class='ocr_line' id='line_1_7' title="bbox 192 1102 1176 1179; baseline 0.003 -22"><span class='ocrx_word' id='word_1_55' title='bbox 192 1105 336 1160; x_wconf 85' lang='lat' dir='ltr'><em>aduersus</em></span> <span class='ocrx_word' id='word_1_56' title='bbox 367 1104 455 1173; x_wconf 86' lang='lat' dir='ltr'><em>mala,</em></span> <span class='ocrx_word' id='word_1_57' title='bbox 495 1115 526 1159; x_wconf 89' lang='lat' dir='ltr'><em>nt</em></span> <span class='ocrx_word' id='word_1_58' title='bbox 557 1102 652 1159; x_wconf 89' lang='lat' dir='ltr'><em>malus</em></span> <span class='ocrx_word' id='word_1_59' title='bbox 685 1104 806 1179; x_wconf 87' lang='lat' dir='ltr'><em>spiritus</em></span> <span class='ocrx_word' id='word_1_60' title='bbox 838 1121 893 1159; x_wconf 90' lang='lat' dir='ltr'><em>uon</em></span> <span class='ocrx_word' id='word_1_61' title='bbox 925 1104 1051 1159; x_wconf 82' lang='lat' dir='ltr'><em>inueniat</em></span> <span class='ocrx_word' id='word_1_62' title='bbox 1082 1105 1176 1160; x_wconf 90' lang='lat' dir='ltr'><em>Iocum</em></span> 
     </span>
     <span class='ocr_line' id='line_1_8' title="bbox 192 1189 1176 1266; baseline 0.002 -22"><span class='ocrx_word' id='word_1_63' title='bbox 192 1191 368 1247; x_wconf 91' lang='lat' dir='ltr'><em>introeundi.</em></span> <span class='ocrx_word' id='word_1_64' title='bbox 411 1191 492 1246; x_wconf 87' lang='lat' dir='ltr'><em>Unde</em></span> <span class='ocrx_word' id='word_1_65' title='bbox 514 1191 662 1266; x_wconf 81' lang='lat' dir='ltr'><em>sapienter</em></span> <span class='ocrx_word' id='word_1_66' title='bbox 685 1191 790 1247; x_wconf 90' lang='lat' dir='ltr'><em>Petrus</em></span> <span class='ocrx_word' id='word_1_67' title='bbox 823 1191 891 1246; x_wconf 89' lang='lat' dir='ltr'><em>dicit</em></span> <span class='ocrx_word' id='word_1_68' title='bbox 922 1191 962 1245; x_wconf 93' lang='lat' dir='ltr'><em>ad</em></span> <span class='ocrx_word' id='word_1_69' title='bbox 989 1189 1176 1263; x_wconf 79' lang='lat' dir='ltr'><em>Clementem,</em></span> 
     </span>
     <span class='ocr_line' id='line_1_9' title="bbox 192 1278 1178 1354; baseline 0.001 -22"><span class='ocrx_word' id='word_1_70' title='bbox 192 1279 335 1353; x_wconf 89' lang='lat' dir='ltr'><em>quomodo</em></span> <span class='ocrx_word' id='word_1_71' title='bbox 374 1278 456 1334; x_wconf 89' lang='lat' dir='ltr'><em>debet</em></span> <span class='ocrx_word' id='word_1_72' title='bbox 488 1278 551 1351; x_wconf 88' lang='lat' dir='ltr'><em>quis</em></span> <span class='ocrx_word' id='word_1_73' title='bbox 582 1278 760 1334; x_wconf 79' lang='lat' dir='ltr'><em>incessanter</em></span> <span class='ocrx_word' id='word_1_74' title='bbox 791 1296 844 1353; x_wconf 88' lang='lat' dir='ltr'><em>qne</em></span> <span class='ocrx_word' id='word_1_75' title='bbox 867 1278 924 1333; x_wconf 93' lang='lat' dir='ltr'><em>Dei</em></span> <span class='ocrx_word' id='word_1_76' title='bbox 953 1289 1019 1334; x_wconf 90' lang='lat' dir='ltr'><em>sunt</em></span> <span class='ocrx_word' id='word_1_77' title='bbox 1051 1278 1130 1354; x_wconf 86' lang='lat' dir='ltr'><em>loqui</em></span> <span class='ocrx_word' id='word_1_78' title='bbox 1151 1290 1178 1334; x_wconf 94' lang='lat' dir='ltr'><em>et</em></span> 
     </span>
     <span class='ocr_line' id='line_1_10' title="bbox 192 1365 1177 1443; baseline 0.002 -24"><span class='ocrx_word' id='word_1_79' title='bbox 192 1365 337 1443; x_wconf 84' lang='lat' dir='ltr'><em>cogitare,</em></span> <span class='ocrx_word' id='word_1_80' title='bbox 361 1365 496 1440; x_wconf 87' lang='lat' dir='ltr'><em>quoniam</em></span> <span class='ocrx_word' id='word_1_81' title='bbox 521 1365 547 1421; x_wconf 92' lang='lat' dir='ltr'><em>si</em></span> <span class='ocrx_word' id='word_1_82' title='bbox 569 1382 649 1420; x_wconf 90' lang='lat' dir='ltr'><em>mens</em></span> <span class='ocrx_word' id='word_1_83' title='bbox 665 1365 764 1439; x_wconf 90' lang='lat' dir='ltr'><em>suerit</em></span> <span class='ocrx_word' id='word_1_84' title='bbox 787 1366 815 1421; x_wconf 91' lang='lat' dir='ltr'><em>in</em></span> <span class='ocrx_word' id='word_1_85' title='bbox 839 1365 894 1421; x_wconf 85' lang='lat' dir='ltr'><em>hiis</em></span> <span class='ocrx_word' id='word_1_86' title='bbox 917 1377 1057 1441; x_wconf 89' lang='lat' dir='ltr'><em>occupata</em></span> <span class='ocrx_word' id='word_1_87' title='bbox 1082 1365 1177 1421; x_wconf 90' lang='lat' dir='ltr'><em>malus</em></span> 
     </span>
     <span class='ocr_line' id='line_1_11' title="bbox 154 1452 1176 1528; baseline 0.003 -23"><span class='ocrx_word' id='word_1_88' title='bbox 154 1471 248 1507; x_wconf 73' lang='lat' dir='ltr'><em>tonon</em></span> <span class='ocrx_word' id='word_1_89' title='bbox 272 1452 380 1507; x_wconf 82' lang='lat' dir='ltr'><em>inuenit</em></span> <span class='ocrx_word' id='word_1_90' title='bbox 413 1453 506 1508; x_wconf 90' lang='lat' dir='ltr'><em>locum</em></span> <span class='ocrx_word' id='word_1_91' title='bbox 540 1453 580 1508; x_wconf 87' lang='lat' dir='ltr'><em>ad</em></span> <span class='ocrx_word' id='word_1_92' title='bbox 603 1464 736 1509; x_wconf 87' lang='lat' dir='ltr'><em>mentem.</em></span> <span class='ocrx_word' id='word_1_93' title='bbox 781 1453 995 1527; x_wconf 89' lang='lat' dir='ltr'><em>Consequenter</em></span> <span class='ocrx_word' id='word_1_94' title='bbox 1028 1453 1176 1528; x_wconf 78' lang='lat' dir='ltr'><em>propheto</em></span> 
     </span>
     <span class='ocr_line' id='line_1_12' title="bbox 193 1539 1176 1614; baseline 0.001 -21"><span class='ocrx_word' id='word_1_95' title='bbox 193 1557 247 1594; x_wconf 92' lang='lat' dir='ltr'><em>non</em></span> <span class='ocrx_word' id='word_1_96' title='bbox 273 1539 349 1595; x_wconf 82' lang='lat' dir='ltr'><em>dixit</em></span> <span class='ocrx_word' id='word_1_97' title='bbox 372 1551 502 1596; x_wconf 87' lang='lat' dir='ltr'><em>tantum:</em></span> <span class='ocrx_word' id='word_1_98' title='bbox 534 1541 644 1595; x_wconf 85' lang='lat' dir='ltr'><em>Beatus</em></span> <span class='ocrx_word' id='word_1_99' title='bbox 677 1540 723 1595; x_wconf 85' lang='lat' dir='ltr'><em>uir</em></span> <span class='ocrx_word' id='word_1_100' title='bbox 746 1539 796 1614; x_wconf 91' lang='lat' dir='ltr'><em>qui</em></span> <span class='ocrx_word' id='word_1_101' title='bbox 823 1558 879 1596; x_wconf 90' lang='lat' dir='ltr'><em>non</em></span> <span class='ocrx_word' id='word_1_102' title='bbox 912 1540 982 1596; x_wconf 92' lang='lat' dir='ltr'><em>abiit</em></span> <span class='ocrx_word' id='word_1_103' title='bbox 1006 1541 1033 1596; x_wconf 94' lang='lat' dir='ltr'><em>in</em></span> <span class='ocrx_word' id='word_1_104' title='bbox 1057 1539 1176 1596; x_wconf 90' lang='lat' dir='ltr'><em>concilio</em></span> 
     </span>
     <span class='ocr_line' id='line_1_13' title="bbox 193 1627 1176 1702; baseline 0.001 -22"><span class='ocrx_word' id='word_1_105' title='bbox 193 1627 346 1702; x_wconf 87' lang='lat' dir='ltr'><em>impiorum</em></span> <span class='ocrx_word' id='word_1_106' title='bbox 371 1638 398 1682; x_wconf 91' lang='lat' dir='ltr'><em>et</em></span> <span class='ocrx_word' id='word_1_107' title='bbox 421 1627 448 1682; x_wconf 89' lang='lat' dir='ltr'><em>in</em></span> <span class='ocrx_word' id='word_1_108' title='bbox 474 1627 518 1681; x_wconf 85' lang='lat' dir='ltr'><em>uia</em></span> <span class='ocrx_word' id='word_1_109' title='bbox 540 1638 729 1702; x_wconf 88' lang='lat' dir='ltr'><em>peccatorum</em></span> <span class='ocrx_word' id='word_1_110' title='bbox 754 1645 809 1683; x_wconf 92' lang='lat' dir='ltr'><em>non</em></span> <span class='ocrx_word' id='word_1_111' title='bbox 832 1627 910 1682; x_wconf 89' lang='lat' dir='ltr'><em>stetit</em></span> <span class='ocrx_word' id='word_1_112' title='bbox 933 1639 960 1683; x_wconf 88' lang='lat' dir='ltr'><em>et</em></span> <span class='ocrx_word' id='word_1_113' title='bbox 983 1627 1011 1682; x_wconf 87' lang='lat' dir='ltr'><em>in</em></span> <span class='ocrx_word' id='word_1_114' title='bbox 1035 1628 1176 1683; x_wconf 78' lang='lat' dir='ltr'><em>cathedra</em></span> 
     </span>
     <span class='ocr_line' id='line_1_14' title="bbox 189 1713 1178 1792; baseline 0 -24"><span class='ocrx_word' id='word_1_115' title='bbox 189 1713 356 1788; x_wconf 74' lang='lat' dir='ltr'><em>pestilencia</em></span> <span class='ocrx_word' id='word_1_116' title='bbox 378 1732 433 1769; x_wconf 90' lang='lat' dir='ltr'><em>non</em></span> <span class='ocrx_word' id='word_1_117' title='bbox 456 1714 540 1784; x_wconf 87' lang='lat' dir='ltr'><em>sedit,</em></span> <span class='ocrx_word' id='word_1_118' title='bbox 571 1715 624 1769; x_wconf 91' lang='lat' dir='ltr'><em>sed</em></span> <span class='ocrx_word' id='word_1_119' title='bbox 651 1714 780 1769; x_wconf 75' lang='lat' dir='ltr'><em>addidit:</em></span> <span class='ocrx_word' id='word_1_120' title='bbox 818 1715 876 1770; x_wconf 88' lang='lat' dir='ltr'><em>Sed</em></span> <span class='ocrx_word' id='word_1_121' title='bbox 907 1714 935 1768; x_wconf 93' lang='lat' dir='ltr'><em>in</em></span> <span class='ocrx_word' id='word_1_122' title='bbox 969 1715 1034 1792; x_wconf 82' lang='lat' dir='ltr'><em>lege</em></span> <span class='ocrx_word' id='word_1_123' title='bbox 1058 1714 1178 1770; x_wconf 88' lang='lat' dir='ltr'><em>Domini</em></span> 
     </span>
     <span class='ocr_line' id='line_1_15' title="bbox 193 1800 1173 1880; baseline 0.001 -26"><span class='ocrx_word' id='word_1_124' title='bbox 193 1802 327 1856; x_wconf 81' lang='lat' dir='ltr'><em>uoluntas</em></span> <span class='ocrx_word' id='word_1_125' title='bbox 359 1801 419 1857; x_wconf 89' lang='lat' dir='ltr'><em>eius</em></span> <span class='ocrx_word' id='word_1_126' title='bbox 454 1812 480 1856; x_wconf 87' lang='lat' dir='ltr'><em>et</em></span> <span class='ocrx_word' id='word_1_127' title='bbox 513 1800 541 1855; x_wconf 92' lang='lat' dir='ltr'><em>in</em></span> <span class='ocrx_word' id='word_1_128' title='bbox 566 1802 632 1880; x_wconf 81' lang='lat' dir='ltr'><em>lege</em></span> <span class='ocrx_word' id='word_1_129' title='bbox 654 1802 714 1857; x_wconf 89' lang='lat' dir='ltr'><em>eius</em></span> <span class='ocrx_word' id='word_1_130' title='bbox 746 1801 934 1858; x_wconf 85' lang='lat' dir='ltr'><em>meditabitur</em></span> <span class='ocrx_word' id='word_1_131' title='bbox 957 1802 1003 1857; x_wconf 91' lang='lat' dir='ltr'><em>die</em></span> <span class='ocrx_word' id='word_1_132' title='bbox 1025 1819 1060 1857; x_wconf 87' lang='lat' dir='ltr'><em>ae</em></span> <span class='ocrx_word' id='word_1_133' title='bbox 1083 1813 1173 1858; x_wconf 90' lang='lat' dir='ltr'><em>nocte.</em></span> 
     </span>
     <span class='ocr_line' id='line_1_16' title="bbox 154 1888 1175 1945; baseline 0.002 -4"><span class='ocrx_word' id='word_1_134' title='bbox 154 1888 231 1944; x_wconf 76' lang='lat' dir='ltr'><em>15Et</em></span> <span class='ocrx_word' id='word_1_135' title='bbox 256 1888 365 1943; x_wconf 89' lang='lat' dir='ltr'><em>Paulus</em></span> <span class='ocrx_word' id='word_1_136' title='bbox 394 1906 458 1943; x_wconf 91' lang='lat' dir='ltr'><em>cum</em></span> <span class='ocrx_word' id='word_1_137' title='bbox 488 1888 611 1944; x_wconf 88' lang='lat' dir='ltr'><em>diceret:</em></span> <span class='ocrx_word' id='word_1_138' title='bbox 644 1889 709 1944; x_wconf 92' lang='lat' dir='ltr'><em>Non</em></span> <span class='ocrx_word' id='word_1_139' title='bbox 733 1900 775 1944; x_wconf 92' lang='lat' dir='ltr'><em>est</em></span> <span class='ocrx_word' id='word_1_140' title='bbox 807 1889 887 1945; x_wconf 89' lang='lat' dir='ltr'><em>nobis</em></span> <span class='ocrx_word' id='word_1_141' title='bbox 910 1889 1100 1944; x_wconf 88' lang='lat' dir='ltr'><em>colluctuacio</em></span> <span class='ocrx_word' id='word_1_142' title='bbox 1123 1890 1175 1943; x_wconf 88' lang='lat' dir='ltr'><em>nd·</em></span> 
     </span>
     <span class='ocr_line' id='line_1_17' title="bbox 193 1976 1177 2052; baseline 0.004 -25"><span class='ocrx_word' id='word_1_143' title='bbox 193 1993 294 2030; x_wconf 83' lang='lat' dir='ltr'><em>uersus</em></span> <span class='ocrx_word' id='word_1_144' title='bbox 317 1993 435 2030; x_wconf 88' lang='lat' dir='ltr'><em>carnem</em></span> <span class='ocrx_word' id='word_1_145' title='bbox 452 1987 479 2030; x_wconf 88' lang='lat' dir='ltr'><em>et</em></span> <span class='ocrx_word' id='word_1_146' title='bbox 495 1976 678 2052; x_wconf 80' lang='lat' dir='ltr'><em>sanguinem,</em></span> <span class='ocrx_word' id='word_1_147' title='bbox 703 1994 757 2031; x_wconf 89' lang='lat' dir='ltr'><em>nou</em></span> <span class='ocrx_word' id='word_1_148' title='bbox 783 1977 859 2032; x_wconf 80' lang='lat' dir='ltr'><em>dixit</em></span> <span class='ocrx_word' id='word_1_149' title='bbox 882 1986 1009 2031; x_wconf 89' lang='lat' dir='ltr'><em>tantum:</em></span> <span class='ocrx_word' id='word_1_150' title='bbox 1034 1977 1177 2051; x_wconf 91' lang='lat' dir='ltr'><em>Deponite</em></span> 
     </span>
     <span class='ocr_line' id='line_1_18' title="bbox 192 2062 1177 2138; baseline 0.003 -22"><span class='ocrx_word' id='word_1_151' title='bbox 192 2062 269 2116; x_wconf 90' lang='lat' dir='ltr'><em>mala</em></span> <span class='ocrx_word' id='word_1_152' title='bbox 302 2062 354 2117; x_wconf 91' lang='lat' dir='ltr'><em>sed</em></span> <span class='ocrx_word' id='word_1_153' title='bbox 380 2062 516 2137; x_wconf 82' lang='lat' dir='ltr'><em>suscipite</em></span> <span class='ocrx_word' id='word_1_154' title='bbox 538 2074 723 2118; x_wconf 88' lang='lat' dir='ltr'><em>armaturam</em></span> <span class='ocrx_word' id='word_1_155' title='bbox 749 2063 815 2134; x_wconf 90' lang='lat' dir='ltr'><em>Dei,</em></span> <span class='ocrx_word' id='word_1_156' title='bbox 846 2074 877 2118; x_wconf 92' lang='lat' dir='ltr'><em>ut</em></span> <span class='ocrx_word' id='word_1_157' title='bbox 897 2063 1015 2138; x_wconf 90' lang='lat' dir='ltr'><em>possitis</em></span> <span class='ocrx_word' id='word_1_158' title='bbox 1040 2064 1177 2119; x_wconf 87' lang='lat' dir='ltr'><em>resistere</em></span> 
     </span>
     <span class='ocr_line' id='line_1_19' title="bbox 191 2148 1175 2224; baseline 0.004 -22"><span class='ocrx_word' id='word_1_159' title='bbox 191 2149 218 2203; x_wconf 95' lang='lat' dir='ltr'><em>in</em></span> <span class='ocrx_word' id='word_1_160' title='bbox 243 2149 289 2204; x_wconf 91' lang='lat' dir='ltr'><em>die</em></span> <span class='ocrx_word' id='word_1_161' title='bbox 312 2148 400 2219; x_wconf 77' lang='lat' dir='ltr'><em>niolo,</em></span> <span class='ocrx_word' id='word_1_162' title='bbox 425 2150 455 2204; x_wconf 92' lang='lat' dir='ltr'><em>id</em></span> <span class='ocrx_word' id='word_1_163' title='bbox 483 2160 534 2218; x_wconf 88' lang='lat' dir='ltr'><em>est,</em></span> <span class='ocrx_word' id='word_1_164' title='bbox 569 2150 665 2204; x_wconf 92' lang='lat' dir='ltr'><em>omnia</em></span> <span class='ocrx_word' id='word_1_165' title='bbox 689 2151 762 2205; x_wconf 90' lang='lat' dir='ltr'><em>bona</em></span> <span class='ocrx_word' id='word_1_166' title='bbox 777 2150 882 2224; x_wconf 82' lang='lat' dir='ltr'><em>facite.</em></span> <span class='ocrx_word' id='word_1_167' title='bbox 923 2150 1003 2204; x_wconf 90' lang='lat' dir='ltr'><em>Sicut</em></span> <span class='ocrx_word' id='word_1_168' title='bbox 1025 2150 1098 2205; x_wconf 88' lang='lat' dir='ltr'><em>enim</em></span> <span class='ocrx_word' id='word_1_169' title='bbox 1124 2169 1175 2206; x_wconf 81' lang='lat' dir='ltr'><em>vas</em></span> 
     </span>
     <span class='ocr_line' id='line_1_20' title="bbox 191 2236 1174 2311; baseline 0.002 -21"><span class='ocrx_word' id='word_1_170' title='bbox 191 2236 328 2310; x_wconf 89' lang='lat' dir='ltr'><em>quamdiu</em></span> <span class='ocrx_word' id='word_1_171' title='bbox 360 2247 402 2291; x_wconf 91' lang='lat' dir='ltr'><em>est</em></span> <span class='ocrx_word' id='word_1_172' title='bbox 422 2236 540 2311; x_wconf 90' lang='lat' dir='ltr'><em>plenum</em></span> <span class='ocrx_word' id='word_1_173' title='bbox 571 2237 606 2291; x_wconf 92' lang='lat' dir='ltr'><em>de</em></span> <span class='ocrx_word' id='word_1_174' title='bbox 628 2237 724 2310; x_wconf 91' lang='lat' dir='ltr'><em>aliquo</em></span> <span class='ocrx_word' id='word_1_175' title='bbox 748 2256 803 2291; x_wconf 89' lang='lat' dir='ltr'><em>uon</em></span> <span class='ocrx_word' id='word_1_176' title='bbox 828 2236 930 2311; x_wconf 89' lang='lat' dir='ltr'><em>recipit</em></span> <span class='ocrx_word' id='word_1_177' title='bbox 953 2237 1174 2310; x_wconf 87' lang='lat' dir='ltr'><em>supermissum,</em></span> 
     </span>
     <span class='ocr_line' id='line_1_21' title="bbox 150 2323 1174 2399; baseline 0.003 -23"><span class='ocrx_word' id='word_1_178' title='bbox 150 2324 215 2378; x_wconf 86' lang='lat' dir='ltr'><em>20si</em></span> <span class='ocrx_word' id='word_1_179' title='bbox 237 2334 332 2377; x_wconf 89' lang='lat' dir='ltr'><em>autem</em></span> <span class='ocrx_word' id='word_1_180' title='bbox 358 2341 479 2379; x_wconf 83' lang='lat' dir='ltr'><em>uacuum</em></span> <span class='ocrx_word' id='word_1_181' title='bbox 495 2324 603 2399; x_wconf 86' lang='lat' dir='ltr'><em>suerit,</em></span> <span class='ocrx_word' id='word_1_182' title='bbox 629 2323 730 2398; x_wconf 88' lang='lat' dir='ltr'><em>recipit</em></span> <span class='ocrx_word' id='word_1_183' title='bbox 753 2340 837 2378; x_wconf 88' lang='lat' dir='ltr'><em>omne</em></span> <span class='ocrx_word' id='word_1_184' title='bbox 860 2323 936 2396; x_wconf 93' lang='lat' dir='ltr'><em>quod</em></span> <span class='ocrx_word' id='word_1_185' title='bbox 964 2323 1103 2378; x_wconf 90' lang='lat' dir='ltr'><em>mittitur:</em></span> <span class='ocrx_word' id='word_1_186' title='bbox 1133 2323 1174 2380; x_wconf 91' lang='lat' dir='ltr'><em>sic</em></span> 
     </span>
     <span class='ocr_line' id='line_1_22' title="bbox 191 2409 1174 2485; baseline 0.002 -21"><span class='ocrx_word' id='word_1_187' title='bbox 191 2411 276 2465; x_wconf 82' lang='lat' dir='ltr'><em>ltomo</em></span> <span class='ocrx_word' id='word_1_188' title='bbox 300 2410 436 2484; x_wconf 88' lang='lat' dir='ltr'><em>quamdiu</em></span> <span class='ocrx_word' id='word_1_189' title='bbox 457 2422 611 2485; x_wconf 87' lang='lat' dir='ltr'><em>occupatus</em></span> <span class='ocrx_word' id='word_1_190' title='bbox 627 2421 669 2465; x_wconf 88' lang='lat' dir='ltr'><em>est</em></span> <span class='ocrx_word' id='word_1_191' title='bbox 693 2410 787 2479; x_wconf 87' lang='lat' dir='ltr'><em>malis,</em></span> <span class='ocrx_word' id='word_1_192' title='bbox 805 2428 860 2465; x_wconf 87' lang='lat' dir='ltr'><em>non</em></span> <span class='ocrx_word' id='word_1_193' title='bbox 884 2409 986 2484; x_wconf 90' lang='lat' dir='ltr'><em>recipit</em></span> <span class='ocrx_word' id='word_1_194' title='bbox 1009 2414 1123 2479; x_wconf 88' lang='lat' dir='ltr'><em>bonnm,</em></span> <span class='ocrx_word' id='word_1_195' title='bbox 1148 2422 1174 2467; x_wconf 92' lang='lat' dir='ltr'><em>et</em></span> 
     </span>
     <span class='ocr_line' id='line_1_23' title="bbox 190 2497 1172 2572; baseline 0.001 -21"><span class='ocrx_word' id='word_1_196' title='bbox 190 2498 216 2551; x_wconf 93' lang='lat' dir='ltr'><em>si</em></span> <span class='ocrx_word' id='word_1_197' title='bbox 234 2509 449 2572; x_wconf 90' lang='lat' dir='ltr'><em>preoccupatus</em></span> <span class='ocrx_word' id='word_1_198' title='bbox 475 2497 574 2571; x_wconf 76' lang='lat' dir='ltr'><em>fuerit</em></span> <span class='ocrx_word' id='word_1_199' title='bbox 605 2497 687 2553; x_wconf 91' lang='lat' dir='ltr'><em>bonis</em></span> <span class='ocrx_word' id='word_1_200' title='bbox 718 2497 831 2572; x_wconf 91' lang='lat' dir='ltr'><em>repellit</em></span> <span class='ocrx_word' id='word_1_201' title='bbox 862 2497 988 2552; x_wconf 89' lang='lat' dir='ltr'><em>malum:</em></span> <span class='ocrx_word' id='word_1_202' title='bbox 1024 2497 1050 2553; x_wconf 90' lang='lat' dir='ltr'><em>si</em></span> <span class='ocrx_word' id='word_1_203' title='bbox 1077 2508 1172 2552; x_wconf 90' lang='lat' dir='ltr'><em>autem</em></span> 
     </span>
     <span class='ocr_line' id='line_1_24' title="bbox 190 2583 1174 2658; baseline 0 -20"><span class='ocrx_word' id='word_1_204' title='bbox 190 2602 241 2639; x_wconf 91' lang='lat' dir='ltr'><em>nec</em></span> <span class='ocrx_word' id='word_1_205' title='bbox 257 2585 310 2640; x_wconf 95' lang='lat' dir='ltr'><em>isto</em></span> <span class='ocrx_word' id='word_1_206' title='bbox 337 2602 387 2640; x_wconf 89' lang='lat' dir='ltr'><em>nec</em></span> <span class='ocrx_word' id='word_1_207' title='bbox 410 2585 460 2638; x_wconf 88' lang='lat' dir='ltr'><em>illo</em></span> <span class='ocrx_word' id='word_1_208' title='bbox 477 2585 661 2658; x_wconf 85' lang='lat' dir='ltr'><em>occupaverit</em></span> <span class='ocrx_word' id='word_1_209' title='bbox 686 2594 808 2639; x_wconf 81' lang='lat' dir='ltr'><em>ruentem</em></span> <span class='ocrx_word' id='word_1_210' title='bbox 833 2583 925 2640; x_wconf 88' lang='lat' dir='ltr'><em>omnis</em></span> <span class='ocrx_word' id='word_1_211' title='bbox 939 2583 1061 2658; x_wconf 91' lang='lat' dir='ltr'><em>spiritus</em></span> <span class='ocrx_word' id='word_1_212' title='bbox 1083 2584 1174 2639; x_wconf 91' lang='lat' dir='ltr'><em>intrat</em></span> 
     </span>
     <span class='ocr_line' id='line_1_25' title="bbox 190 2672 316 2726; baseline 0.008 -1"><span class='ocrx_word' id='word_1_213' title='bbox 190 2672 217 2726; x_wconf 91' lang='lat' dir='ltr'><em>in</em></span> <span class='ocrx_word' id='word_1_214' title='bbox 241 2690 316 2726; x_wconf 91' lang='lat' dir='ltr'><em>eum.</em></span> 
     </span>
    </p>

    <p class='ocr_par' dir='ltr' id='par_1_3' title="bbox 147 2750 1378 3183">
     <span class='ocr_line' id='line_1_26' title="bbox 147 2750 1378 2858; baseline -0.002 -45"><span class='ocrx_word' id='word_1_215' title='bbox 147 2765 177 2815; x_wconf 80' lang='lat'><em>25</em></span> <span class='ocrx_word' id='word_1_216' title='bbox 233 2759 349 2814; x_wconf 90' lang='lat' dir='ltr'><em>Intrans</em></span> <span class='ocrx_word' id='word_1_217' title='bbox 372 2769 467 2813; x_wconf 89' lang='lat' dir='ltr'><em>autem</em></span> <span class='ocrx_word' id='word_1_218' title='bbox 497 2777 551 2813; x_wconf 91' lang='lat' dir='ltr'><em>non</em></span> <span class='ocrx_word' id='word_1_219' title='bbox 578 2758 675 2814; x_wconf 91' lang='lat' dir='ltr'><em>statim</em></span> <span class='ocrx_word' id='word_1_220' title='bbox 705 2758 784 2814; x_wconf 90' lang='lat' dir='ltr'><em>ducit</em></span> <span class='ocrx_word' id='word_1_221' title='bbox 806 2759 846 2813; x_wconf 84' lang='lat' dir='ltr'><em>od</em></span> <span class='ocrx_word' id='word_1_222' title='bbox 865 2770 1016 2833; x_wconf 91' lang='lat' dir='ltr'><em>peccatum</em></span> <span class='ocrx_word' id='word_1_223' title='bbox 1039 2759 1092 2813; x_wconf 90' lang='lat' dir='ltr'><em>scd</em></span> <span class='ocrx_word' id='word_1_224' title='bbox 1110 2758 1172 2832; x_wconf 92' lang='lat' dir='ltr'><em>pri·</em></span> <span class='ocrx_word' id='word_1_225' title='bbox 1197 2750 1378 2858; x_wconf 48' lang='lat' dir='ltr'><em>prociibiigos</em></span> 
     </span>
     <span class='ocr_line' id='line_1_27' title="bbox 190 2844 1363 2912; baseline 0.002 -14"><span class='ocrx_word' id='word_1_226' title='bbox 190 2864 267 2899; x_wconf 87' lang='lat' dir='ltr'><em>mum</em></span> <span class='ocrx_word' id='word_1_227' title='bbox 292 2845 416 2900; x_wconf 88' lang='lat' dir='ltr'><em>delectat</em></span> <span class='ocrx_word' id='word_1_228' title='bbox 439 2863 503 2900; x_wconf 83' lang='lat' dir='ltr'><em>curn</em></span> <span class='ocrx_word' id='word_1_229' title='bbox 529 2846 614 2901; x_wconf 91' lang='lat' dir='ltr'><em>malis</em></span> <span class='ocrx_word' id='word_1_230' title='bbox 636 2856 663 2900; x_wconf 94' lang='lat' dir='ltr'><em>et</em></span> <span class='ocrx_word' id='word_1_231' title='bbox 687 2864 801 2902; x_wconf 90' lang='lat' dir='ltr'><em>sensum</em></span> <span class='ocrx_word' id='word_1_232' title='bbox 830 2846 999 2901; x_wconf 89' lang='lat' dir='ltr'><em>carnalibus</em></span> <span class='ocrx_word' id='word_1_233' title='bbox 1021 2844 1173 2900; x_wconf 90' lang='lat' dir='ltr'><em>desideriis</em></span> <span class='ocrx_word' id='word_1_234' title='bbox 1205 2856 1243 2898; x_wconf 79' lang='lat' dir='ltr'><em>the</em></span> <span class='ocrx_word' id='word_1_235' title='bbox 1257 2863 1363 2912; x_wconf 80' lang='lat' dir='ltr'><em>tempter.</em></span> 
     </span>
     <span class='ocr_line' id='line_1_28' title="bbox 188 2932 1175 3008; baseline 0.001 -23"><span class='ocrx_word' id='word_1_236' title='bbox 188 2932 294 3008; x_wconf 82' lang='lat' dir='ltr'><em>alligat</em></span> <span class='ocrx_word' id='word_1_237' title='bbox 317 2950 380 2988; x_wconf 93' lang='lat' dir='ltr'><em>eum</em></span> <span class='ocrx_word' id='word_1_238' title='bbox 398 2943 424 2988; x_wconf 84' lang='lat' dir='ltr'><em>et</em></span> <span class='ocrx_word' id='word_1_239' title='bbox 443 2944 546 3007; x_wconf 88' lang='lat' dir='ltr'><em>postea</em></span> <span class='ocrx_word' id='word_1_240' title='bbox 571 2933 648 2988; x_wconf 89' lang='lat' dir='ltr'><em>ducit</em></span> <span class='ocrx_word' id='word_1_241' title='bbox 665 2933 704 2987; x_wconf 93' lang='lat' dir='ltr'><em>ad</em></span> <span class='ocrx_word' id='word_1_242' title='bbox 723 2943 884 3007; x_wconf 85' lang='lat' dir='ltr'><em>peccatum,</em></span> <span class='ocrx_word' id='word_1_243' title='bbox 908 2933 1022 3007; x_wconf 87' lang='lat' dir='ltr'><em>quando</em></span> <span class='ocrx_word' id='word_1_244' title='bbox 1039 2932 1096 2987; x_wconf 92' lang='lat' dir='ltr'><em>iam</em></span> <span class='ocrx_word' id='word_1_245' title='bbox 1121 2932 1175 2987; x_wconf 89' lang='lat' dir='ltr'><em>etsi</em></span> 
     </span>
     <span class='ocr_line' id='line_1_29' title="bbox 189 3018 1171 3097; baseline 0 -25"><span class='ocrx_word' id='word_1_246' title='bbox 189 3019 325 3097; x_wconf 82' lang='lat' dir='ltr'><em>iutelligit</em></span> <span class='ocrx_word' id='word_1_247' title='bbox 349 3020 458 3074; x_wconf 88' lang='lat' dir='ltr'><em>malum</em></span> <span class='ocrx_word' id='word_1_248' title='bbox 482 3020 636 3095; x_wconf 82' lang='lat' dir='ltr'><em>essequod</em></span> <span class='ocrx_word' id='word_1_249' title='bbox 650 3019 730 3094; x_wconf 82' lang='lat' dir='ltr'><em>facit</em></span> <span class='ocrx_word' id='word_1_250' title='bbox 753 3037 808 3074; x_wconf 86' lang='lat' dir='ltr'><em>uon</em></span> <span class='ocrx_word' id='word_1_251' title='bbox 827 3028 922 3094; x_wconf 87' lang='lat' dir='ltr'><em>polest</em></span> <span class='ocrx_word' id='word_1_252' title='bbox 945 3018 1083 3074; x_wconf 89' lang='lat' dir='ltr'><em>resistere</em></span> <span class='ocrx_word' id='word_1_253' title='bbox 1105 3036 1171 3075; x_wconf 91' lang='lat' dir='ltr'><em>con-</em></span> 
     </span>
     <span class='ocr_line' id='line_1_30' title="bbox 189 3105 1175 3183; baseline 0 -23"><span class='ocrx_word' id='word_1_254' title='bbox 189 3117 235 3160; x_wconf 85' lang='lat' dir='ltr'><em>tro</em></span> <span class='ocrx_word' id='word_1_255' title='bbox 260 3107 377 3162; x_wconf 86' lang='lat' dir='ltr'><em>malum.</em></span> <span class='ocrx_word' id='word_1_256' title='bbox 412 3106 445 3161; x_wconf 87' lang='lat' dir='ltr'><em>Si</em></span> <span class='ocrx_word' id='word_1_257' title='bbox 466 3124 540 3183; x_wconf 78' lang='lat' dir='ltr'><em>ergo</em></span> <span class='ocrx_word' id='word_1_258' title='bbox 575 3118 602 3161; x_wconf 91' lang='lat' dir='ltr'><em>te</em></span> <span class='ocrx_word' id='word_1_259' title='bbox 633 3106 802 3183; x_wconf 83' lang='lat' dir='ltr'><em>negligente</em></span> <span class='ocrx_word' id='word_1_260' title='bbox 825 3106 942 3161; x_wconf 90' lang='lat' dir='ltr'><em>domum</em></span> <span class='ocrx_word' id='word_1_261' title='bbox 973 3106 1108 3181; x_wconf 90' lang='lat' dir='ltr'><em>corporis</em></span> <span class='ocrx_word' id='word_1_262' title='bbox 1132 3105 1175 3161; x_wconf 90' lang='lat' dir='ltr'><em>tui</em></span> 
     </span>
    </p>

    <p class='ocr_par' dir='ltr' id='par_1_4' title="bbox 147 3193 1175 3618">
     <span class='ocr_line' id='line_1_31' title="bbox 147 3193 1173 3270; baseline -0.005 -18"><span class='ocrx_word' id='word_1_263' title='bbox 147 3202 178 3252; x_wconf 84' lang='lat'><em>30</em></span> <span class='ocrx_word' id='word_1_264' title='bbox 189 3194 242 3249; x_wconf 85' lang='lat' dir='ltr'><em>hoc</em></span> <span class='ocrx_word' id='word_1_265' title='bbox 266 3194 352 3249; x_wconf 91' lang='lat' dir='ltr'><em>modo</em></span> <span class='ocrx_word' id='word_1_266' title='bbox 375 3211 498 3249; x_wconf 84' lang='lat' dir='ltr'><em>seruare</em></span> <span class='ocrx_word' id='word_1_267' title='bbox 520 3193 671 3270; x_wconf 80' lang='lat' dir='ltr'><em>ingressus</em></span> <span class='ocrx_word' id='word_1_268' title='bbox 686 3193 785 3267; x_wconf 89' lang='lat' dir='ltr'><em>suerit</em></span> <span class='ocrx_word' id='word_1_269' title='bbox 800 3193 861 3267; x_wconf 92' lang='lat' dir='ltr'><em>sur</em></span> <span class='ocrx_word' id='word_1_270' title='bbox 884 3193 1016 3249; x_wconf 90' lang='lat' dir='ltr'><em>diabolus</em></span> <span class='ocrx_word' id='word_1_271' title='bbox 1039 3203 1065 3248; x_wconf 89' lang='lat' dir='ltr'><em>et</em></span> <span class='ocrx_word' id='word_1_272' title='bbox 1081 3194 1173 3268; x_wconf 88' lang='lat' dir='ltr'><em>sura-</em></span> 
     </span>
     <span class='ocr_line' id='line_1_32' title="bbox 188 3279 1173 3355; baseline 0 -21"><span class='ocrx_word' id='word_1_273' title='bbox 188 3291 234 3336; x_wconf 85' lang='lat' dir='ltr'><em>tns</em></span> <span class='ocrx_word' id='word_1_274' title='bbox 250 3280 349 3354; x_wconf 88' lang='lat' dir='ltr'><em>suerit</em></span> <span class='ocrx_word' id='word_1_275' title='bbox 377 3279 545 3336; x_wconf 82' lang='lat' dir='ltr'><em>uestimenta</em></span> <span class='ocrx_word' id='word_1_276' title='bbox 569 3280 739 3355; x_wconf 90' lang='lat' dir='ltr'><em>nupciarum</em></span> <span class='ocrx_word' id='word_1_277' title='bbox 773 3279 874 3355; x_wconf 90' lang='lat' dir='ltr'><em>quibus</em></span> <span class='ocrx_word' id='word_1_278' title='bbox 901 3291 928 3335; x_wconf 88' lang='lat' dir='ltr'><em>te</em></span> <span class='ocrx_word' id='word_1_279' title='bbox 952 3291 1120 3336; x_wconf 83' lang='lat' dir='ltr'><em>renovatum</em></span> <span class='ocrx_word' id='word_1_280' title='bbox 1145 3281 1173 3334; x_wconf 88' lang='lat' dir='ltr'><em>in</em></span> 
     </span>
     <span class='ocr_line' id='line_1_33' title="bbox 188 3367 1173 3442; baseline -0.001 -21"><span class='ocrx_word' id='word_1_281' title='bbox 188 3367 331 3442; x_wconf 89' lang='lat' dir='ltr'><em>baptismo</em></span> <span class='ocrx_word' id='word_1_282' title='bbox 359 3367 452 3422; x_wconf 89' lang='lat' dir='ltr'><em>induit</em></span> <span class='ocrx_word' id='word_1_283' title='bbox 474 3367 565 3434; x_wconf 87' lang='lat' dir='ltr'><em>Deus,</em></span> <span class='ocrx_word' id='word_1_284' title='bbox 597 3367 624 3423; x_wconf 92' lang='lat' dir='ltr'><em>si</em></span> <span class='ocrx_word' id='word_1_285' title='bbox 647 3367 777 3441; x_wconf 89' lang='lat' dir='ltr'><em>suratur</em></span> <span class='ocrx_word' id='word_1_286' title='bbox 799 3384 904 3421; x_wconf 90' lang='lat' dir='ltr'><em>aurum</em></span> <span class='ocrx_word' id='word_1_287' title='bbox 938 3367 1099 3423; x_wconf 86' lang='lat' dir='ltr'><em>intellectus</em></span> <span class='ocrx_word' id='word_1_288' title='bbox 1122 3368 1173 3438; x_wconf 83' lang='lat' dir='ltr'><em>tui,</em></span> 
     </span>
     <span class='ocr_line' id='line_1_34' title="bbox 187 3453 1171 3531; baseline 0 -23"><span class='ocrx_word' id='word_1_289' title='bbox 187 3455 213 3509; x_wconf 90' lang='lat' dir='ltr'><em>si</em></span> <span class='ocrx_word' id='word_1_290' title='bbox 242 3454 406 3509; x_wconf 85' lang='lat' dir='ltr'><em>divinornm</em></span> <span class='ocrx_word' id='word_1_291' title='bbox 439 3454 619 3530; x_wconf 85' lang='lat' dir='ltr'><em>eloquiorum</em></span> <span class='ocrx_word' id='word_1_292' title='bbox 652 3464 808 3531; x_wconf 80' lang='lat' dir='ltr'><em>argentum</em></span> <span class='ocrx_word' id='word_1_293' title='bbox 842 3455 918 3528; x_wconf 91' lang='lat' dir='ltr'><em>quod</em></span> <span class='ocrx_word' id='word_1_294' title='bbox 940 3453 1074 3529; x_wconf 83' lang='lat' dir='ltr'><em>forsitan</em></span> <span class='ocrx_word' id='word_1_295' title='bbox 1107 3471 1171 3509; x_wconf 89' lang='lat' dir='ltr'><em>cum</em></span> 
     </span>
     <span class='ocr_line' id='line_1_35' title="bbox 188 3541 1175 3618; baseline 0 -22"><span class='ocrx_word' id='word_1_296' title='bbox 188 3542 278 3596; x_wconf 87' lang='lat' dir='ltr'><em>multo</em></span> <span class='ocrx_word' id='word_1_297' title='bbox 293 3541 455 3616; x_wconf 82' lang='lat' dir='ltr'><em>fabricasti</em></span> <span class='ocrx_word' id='word_1_298' title='bbox 477 3542 586 3610; x_wconf 86' lang='lat' dir='ltr'><em>labore,</em></span> <span class='ocrx_word' id='word_1_299' title='bbox 610 3541 636 3596; x_wconf 90' lang='lat' dir='ltr'><em>si</em></span> <span class='ocrx_word' id='word_1_300' title='bbox 658 3541 823 3596; x_wconf 89' lang='lat' dir='ltr'><em>linteamina</em></span> <span class='ocrx_word' id='word_1_301' title='bbox 838 3542 1023 3618; x_wconf 80' lang='lat' dir='ltr'><em>graciarum,</em></span> <span class='ocrx_word' id='word_1_302' title='bbox 1047 3559 1100 3615; x_wconf 91' lang='lat' dir='ltr'><em>que</em></span> <span class='ocrx_word' id='word_1_303' title='bbox 1122 3541 1175 3596; x_wconf 91' lang='lat' dir='ltr'><em>tibi</em></span> 
     </span>
    </p>

    <p class='ocr_par' dir='ltr' id='par_1_5' title="bbox 146 3627 1173 4054">
     <span class='ocr_line' id='line_1_36' title="bbox 146 3627 1173 3704; baseline 0.001 -21"><span class='ocrx_word' id='word_1_304' title='bbox 146 3632 176 3683; x_wconf 80' lang='lat'><em>35</em></span> <span class='ocrx_word' id='word_1_305' title='bbox 188 3628 267 3684; x_wconf 89' lang='lat' dir='ltr'><em>dedit</em></span> <span class='ocrx_word' id='word_1_306' title='bbox 283 3628 372 3700; x_wconf 89' lang='lat' dir='ltr'><em>Deus,</em></span> <span class='ocrx_word' id='word_1_307' title='bbox 396 3646 460 3683; x_wconf 91' lang='lat' dir='ltr'><em>cum</em></span> <span class='ocrx_word' id='word_1_308' title='bbox 478 3640 506 3685; x_wconf 90' lang='lat' dir='ltr'><em>te</em></span> <span class='ocrx_word' id='word_1_309' title='bbox 520 3630 676 3704; x_wconf 86' lang='lat' dir='ltr'><em>adoptaret</em></span> <span class='ocrx_word' id='word_1_310' title='bbox 691 3628 718 3682; x_wconf 92' lang='lat' dir='ltr'><em>in</em></span> <span class='ocrx_word' id='word_1_311' title='bbox 727 3628 837 3704; x_wconf 84' lang='lat' dir='ltr'><em>filium,</em></span> <span class='ocrx_word' id='word_1_312' title='bbox 861 3639 1028 3703; x_wconf 90' lang='lat' dir='ltr'><em>ceterasque</em></span> <span class='ocrx_word' id='word_1_313' title='bbox 1051 3627 1173 3684; x_wconf 83' lang='lat' dir='ltr'><em>uirtutes</em></span> 
     </span>
     <span class='ocr_line' id='line_1_37' title="bbox 186 3714 1170 3790; baseline 0 -20"><span class='ocrx_word' id='word_1_314' title='bbox 186 3716 355 3790; x_wconf 90' lang='lat' dir='ltr'><em>spirituales</em></span> <span class='ocrx_word' id='word_1_315' title='bbox 378 3714 483 3771; x_wconf 87' lang='lat' dir='ltr'><em>tollens</em></span> <span class='ocrx_word' id='word_1_316' title='bbox 505 3715 545 3770; x_wconf 92' lang='lat' dir='ltr'><em>ad</em></span> <span class='ocrx_word' id='word_1_317' title='bbox 567 3726 595 3771; x_wconf 95' lang='lat' dir='ltr'><em>te</em></span> <span class='ocrx_word' id='word_1_318' title='bbox 618 3715 806 3771; x_wconf 89' lang='lat' dir='ltr'><em>dormientem</em></span> <span class='ocrx_word' id='word_1_319' title='bbox 823 3714 935 3790; x_wconf 89' lang='lat' dir='ltr'><em>secerit</em></span> <span class='ocrx_word' id='word_1_320' title='bbox 950 3723 986 3770; x_wconf 86' lang='lat' dir='ltr'><em>¹te</em></span> <span class='ocrx_word' id='word_1_321' title='bbox 1009 3714 1170 3770; x_wconf 90' lang='lat' dir='ltr'><em>mendicum</em></span> 
     </span>
     <span class='ocr_line' id='line_1_38' title="bbox 188 3801 1171 3878; baseline -0.001 -21"><span class='ocrx_word' id='word_1_322' title='bbox 188 3814 213 3857; x_wconf 91' lang='lat' dir='ltr'><em>et</em></span> <span class='ocrx_word' id='word_1_323' title='bbox 242 3804 348 3858; x_wconf 91' lang='lat' dir='ltr'><em>nudum</em></span> <span class='ocrx_word' id='word_1_324' title='bbox 365 3803 437 3859; x_wconf 91' lang='lat' dir='ltr'><em>sicut</em></span> <span class='ocrx_word' id='word_1_325' title='bbox 459 3820 580 3878; x_wconf 91' lang='lat' dir='ltr'><em>serpens</em></span> <span class='ocrx_word' id='word_1_326' title='bbox 594 3802 705 3858; x_wconf 87' lang='lat' dir='ltr'><em>Adam:</em></span> <span class='ocrx_word' id='word_1_327' title='bbox 727 3803 795 3878; x_wconf 90' lang='lat' dir='ltr'><em>quid</em></span> <span class='ocrx_word' id='word_1_328' title='bbox 809 3801 931 3877; x_wconf 77' lang='lat' dir='ltr'><em>facies?</em></span> <span class='ocrx_word' id='word_1_329' title='bbox 953 3802 1096 3876; x_wconf 92' lang='lat' dir='ltr'><em>quomodo</em></span> <span class='ocrx_word' id='word_1_330' title='bbox 1119 3819 1171 3857; x_wconf 86' lang='lat' dir='ltr'><em>nu-</em></span> 
     </span>
     <span class='ocr_line' id='line_1_39' title="bbox 188 3888 1170 3965; baseline -0.001 -21"><span class='ocrx_word' id='word_1_331' title='bbox 188 3891 242 3946; x_wconf 89' lang='lat' dir='ltr'><em>dns</em></span> <span class='ocrx_word' id='word_1_332' title='bbox 258 3901 324 3946; x_wconf 90' lang='lat' dir='ltr'><em>ante</em></span> <span class='ocrx_word' id='word_1_333' title='bbox 338 3899 520 3965; x_wconf 91' lang='lat' dir='ltr'><em>conspectum</em></span> <span class='ocrx_word' id='word_1_334' title='bbox 537 3889 660 3945; x_wconf 89' lang='lat' dir='ltr'><em>Domini</em></span> <span class='ocrx_word' id='word_1_335' title='bbox 674 3890 731 3945; x_wconf 92' lang='lat' dir='ltr'><em>Dei</em></span> <span class='ocrx_word' id='word_1_336' title='bbox 752 3889 796 3945; x_wconf 87' lang='lat' dir='ltr'><em>tui</em></span> <span class='ocrx_word' id='word_1_337' title='bbox 810 3888 953 3945; x_wconf 77' lang='lat' dir='ltr'><em>accedes?</em></span> <span class='ocrx_word' id='word_1_338' title='bbox 976 3888 1016 3943; x_wconf 88' lang='lat' dir='ltr'><em>Et</em></span> <span class='ocrx_word' id='word_1_339' title='bbox 1038 3888 1088 3944; x_wconf 90' lang='lat' dir='ltr'><em>ille</em></span> <span class='ocrx_word' id='word_1_340' title='bbox 1110 3889 1170 3962; x_wconf 89' lang='lat' dir='ltr'><em>qui-</em></span> 
     </span>
     <span class='ocr_line' id='line_1_40' title="bbox 188 3975 1170 4054; baseline 0 -23"><span class='ocrx_word' id='word_1_341' title='bbox 188 3978 251 4032; x_wconf 92' lang='lat' dir='ltr'><em>dem</em></span> <span class='ocrx_word' id='word_1_342' title='bbox 276 3978 370 4033; x_wconf 90' lang='lat' dir='ltr'><em>nudus</em></span> <span class='ocrx_word' id='word_1_343' title='bbox 392 3977 544 4033; x_wconf 85' lang='lat' dir='ltr'><em>abscondit</em></span> <span class='ocrx_word' id='word_1_344' title='bbox 575 3994 605 4033; x_wconf 90' lang='lat' dir='ltr'><em>se</em></span> <span class='ocrx_word' id='word_1_345' title='bbox 628 3976 703 4032; x_wconf 91' lang='lat' dir='ltr'><em>inter</em></span> <span class='ocrx_word' id='word_1_346' title='bbox 731 3976 812 4054; x_wconf 82' lang='lat' dir='ltr'><em>ligna</em></span> <span class='ocrx_word' id='word_1_347' title='bbox 833 3975 983 4053; x_wconf 88' lang='lat' dir='ltr'><em>paradisi:</em></span> <span class='ocrx_word' id='word_1_348' title='bbox 1021 3986 1051 4031; x_wconf 90' lang='lat' dir='ltr'><em>tu</em></span> <span class='ocrx_word' id='word_1_349' title='bbox 1075 3986 1170 4032; x_wconf 90' lang='lat' dir='ltr'><em>autem</em></span> 
     </span>
    </p>
   </div>
   <div class='ocr_carea' id='block_1_3' title="bbox 186 4265 1169 4374">
    <p class='ocr_par' dir='ltr' id='par_1_6' title="bbox 186 4265 1169 4374">
     <span class='ocr_line' id='line_1_41' title="bbox 239 4265 1169 4322; baseline -0.001 -12"><span class='ocrx_word' id='word_1_350' title='bbox 239 4269 303 4310; x_wconf 68' lang='lat' dir='ltr'><em>uA:</em></span> <span class='ocrx_word' id='word_1_351' title='bbox 324 4267 429 4320; x_wconf 80' lang='lat' dir='ltr'><em>deponis.</em></span> <span class='ocrx_word' id='word_1_352' title='bbox 501 4266 520 4310; x_wconf 82' lang='lat'><em>3.</em></span> <span class='ocrx_word' id='word_1_353' title='bbox 537 4268 627 4310; x_wconf 81' lang='lat' dir='ltr'><em>A:eos</em></span> <span class='ocrx_word' id='word_1_354' title='bbox 640 4266 713 4311; x_wconf 84' lang='lat' dir='ltr'><em>deest.</em></span> <span class='ocrx_word' id='word_1_355' title='bbox 789 4266 819 4322; x_wconf 76' lang='grc' dir='ltr'><em>ιδ,</em></span> <span class='ocrx_word' id='word_1_356' title='bbox 835 4270 1055 4322; x_wconf 62' lang='lat' dir='ltr'><em>comitaturam</em></span> <span class='ocrx_word' id='word_1_357' title='bbox 1070 4265 1169 4312; x_wconf 79' lang='lat' dir='ltr'><em>Domini.</em></span> 
     </span>
     <span class='ocr_line' id='line_1_42' title="bbox 186 4318 447 4374; baseline -0.008 -11"><span class='ocrx_word' id='word_1_358' title='bbox 186 4318 219 4363; x_wconf 70' lang='lat'><em>38,</em></span> <span class='ocrx_word' id='word_1_359' title='bbox 236 4321 270 4362; x_wconf 75' lang='lat' dir='ltr'><em>A:</em></span> <span class='ocrx_word' id='word_1_360' title='bbox 286 4318 447 4374; x_wconf 79' lang='lat' dir='ltr'><em>autesaciem.</em></span> 
     </span>
    </p>
   </div>
   <div class='ocr_carea' id='block_1_4' title="bbox 243 4445 885 4513">
    <p class='ocr_par' dir='ltr' id='par_1_7' title="bbox 243 4445 885 4513">
     <span class='ocr_line' id='line_1_43' title="bbox 243 4445 885 4513; baseline 0 -18"><span class='ocrx_word' id='word_1_361' title='bbox 243 4462 278 4496; x_wconf 78' lang='grc' dir='ltr'><em>ιι.</em></span> <span class='ocrx_word' id='word_1_362' title='bbox 300 4446 395 4495; x_wconf 87' lang='lat' dir='ltr'><em>Psalm.</em></span> <span class='ocrx_word' id='word_1_363' title='bbox 416 4448 433 4508; x_wconf 86' lang='lat' dir='ltr'><em>l,</em></span> <span class='ocrx_word' id='word_1_364' title='bbox 456 4462 475 4507; x_wconf 88' lang='lat'><em>1,</em></span> <span class='ocrx_word' id='word_1_365' title='bbox 497 4461 519 4495; x_wconf 90' lang='lat'><em>2.</em></span> <span class='ocrx_word' id='word_1_366' title='bbox 577 4445 613 4495; x_wconf 84' lang='lat'><em>15.</em></span> <span class='ocrx_word' id='word_1_367' title='bbox 634 4446 701 4513; x_wconf 85' lang='lat' dir='ltr'><em>Eph.</em></span> <span class='ocrx_word' id='word_1_368' title='bbox 723 4448 764 4510; x_wconf 81' lang='lat' dir='ltr'><em>Vl,</em></span> <span class='ocrx_word' id='word_1_369' title='bbox 788 4461 825 4508; x_wconf 67' lang='grc' dir='ltr'><em>ια,</em></span> <span class='ocrx_word' id='word_1_370' title='bbox 848 4447 885 4498; x_wconf 84' lang='lat'><em>13.</em></span> 
     </span>
    </p>
   </div>
   <div class='ocr_carea' id='block_1_5' title="bbox 0 0 1554 5130">
    <p class='ocr_par' dir='ltr' id='par_1_8' title="bbox 0 0 1554 5130">
     <span class='ocr_line' id='line_1_44' title="bbox 0 0 1554 5130; baseline 0 3"><span class='ocrx_word' id='word_1_371' title='bbox 0 0 1554 5130; x_wconf 95' lang='lat' dir='ltr'><em> </em></span> 
     </span>
    </p>
   </div>
  </div>
 </body>
</html>
