<?xml version="1.0" encoding="UTF-8"?>
<!DOCTYPE html PUBLIC "-//W3C//DTD XHTML 1.0 Transitional//EN"
    "http://www.w3.org/TR/xhtml1/DTD/xhtml1-transitional.dtd">
<html xmlns="http://www.w3.org/1999/xhtml" xml:lang="en" lang="en">
 <head>
  <title>
</title>
<meta http-equiv="Content-Type" content="text/html;charset=utf-8" />
  <meta name='ocr-system' content='tesseract 3.04.00' />
  <meta name='ocr-capabilities' content='ocr_page ocr_carea ocr_par ocr_line ocrx_word'/>
</head>
<body>
  <div class='ocr_page' id='page_1' title='image "./iohanniswyclifo01wyclgoog_0189.png"; bbox 0 0 3098 5130; ppageno 0'>
   <div class='ocr_carea' id='block_1_1' title="bbox 168 1746 283 1790">
    <p class='ocr_par' dir='ltr' id='par_1_1' title="bbox 168 1746 283 1790">
     <span class='ocr_line' id='line_1_1' title="bbox 168 1746 283 1790; baseline 0 -1"><span class='ocrx_word' id='word_1_1' title='bbox 168 1746 187 1789; x_wconf 83' lang='lat'>3.</span> <span class='ocrx_word' id='word_1_2' title='bbox 203 1748 222 1790; x_wconf 91' lang='lat' dir='ltr'>lt</span> <span class='ocrx_word' id='word_1_3' title='bbox 236 1747 283 1789; x_wconf 85' lang='lat' dir='ltr'>isa</span> 
     </span>
    </p>
   </div>
   <div class='ocr_carea' id='block_1_2' title="bbox 127 1800 386 1853">
    <p class='ocr_par' dir='ltr' id='par_1_2' title="bbox 127 1800 386 1853">
     <span class='ocr_line' id='line_1_2' title="bbox 127 1800 386 1853; baseline -0.004 -12"><span class='ocrx_word' id='word_1_4' title='bbox 127 1800 214 1853; x_wconf 85' lang='lat' dir='ltr'>qualitv</span> <span class='ocrx_word' id='word_1_5' title='bbox 230 1800 325 1841; x_wconf 75' lang='lat' dir='ltr'><strong>without</strong></span> <span class='ocrx_word' id='word_1_6' title='bbox 380 1839 386 1851; x_wconf 81' lang='grc'>,</span> 
     </span>
    </p>
   </div>
   <div class='ocr_carea' id='block_1_3' title="bbox 123 1847 328 1957">
    <p class='ocr_par' dir='ltr' id='par_1_3' title="bbox 123 1847 328 1957">
     <span class='ocr_line' id='line_1_3' title="bbox 162 1847 285 1903; baseline 0 -10"><span class='ocrx_word' id='word_1_7' title='bbox 162 1865 175 1893; x_wconf 87' lang='lat' dir='ltr'>a</span> <span class='ocrx_word' id='word_1_8' title='bbox 189 1847 285 1903; x_wconf 78' lang='lat' dir='ltr'>subject.</span> 
     </span>
     <span class='ocr_line' id='line_1_4' title="bbox 123 1903 328 1957; baseline 0 -15"><span class='ocrx_word' id='word_1_9' title='bbox 123 1918 145 1954; x_wconf 68' lang='lat'>4.</span> <span class='ocrx_word' id='word_1_10' title='bbox 161 1903 179 1946; x_wconf 92' lang='lat' dir='ltr'>lt</span> <span class='ocrx_word' id='word_1_11' title='bbox 194 1903 214 1946; x_wconf 85' lang='lat' dir='ltr'>is</span> <span class='ocrx_word' id='word_1_12' title='bbox 225 1904 328 1957; x_wconf 74' lang='lat' dir='ltr'>nothing.</span> 
     </span>
    </p>
   </div>
   <div class='ocr_carea' id='block_1_4' title="bbox 159 2545 303 2653">
    <p class='ocr_par' dir='ltr' id='par_1_4' title="bbox 159 2545 303 2653">
     <span class='ocr_line' id='line_1_5' title="bbox 159 2545 303 2589; baseline -0.007 -1"><span class='ocrx_word' id='word_1_13' title='bbox 159 2545 263 2589; x_wconf 84' lang='lat' dir='ltr'>Wituess</span> <span class='ocrx_word' id='word_1_14' title='bbox 276 2546 303 2588; x_wconf 87' lang='lat' dir='ltr'>ol</span> 
     </span>
     <span class='ocr_line' id='line_1_6' title="bbox 160 2599 297 2653; baseline -0.015 -11"><span class='ocrx_word' id='word_1_15' title='bbox 160 2599 297 2653; x_wconf 74' lang='lat' dir='ltr'>Augustine.</span> 
     </span>
    </p>
   </div>
   <div class='ocr_carea' id='block_1_5' title="bbox 566 440 1331 525">
    <p class='ocr_par' dir='ltr' id='par_1_5' title="bbox 566 440 1331 525">
     <span class='ocr_line' id='line_1_7' title="bbox 566 440 1331 525; baseline -0.014 -17"><span class='ocrx_word' id='word_1_16' title='bbox 566 459 658 509; x_wconf 78' lang='lat' dir='ltr'>oeus</span> <span class='ocrx_word' id='word_1_17' title='bbox 676 459 929 511; x_wconf 78' lang='lat' dir='ltr'>evnuoeucuu</span> <span class='ocrx_word' id='word_1_18' title='bbox 950 459 1015 509; x_wconf 80' lang='lat' dir='ltr'>Ltn.</span> <span class='ocrx_word' id='word_1_19' title='bbox 1033 458 1074 508; x_wconf 83' lang='lat' dir='ltr'>ut.</span> <span class='ocrx_word' id='word_1_20' title='bbox 1164 440 1251 525; x_wconf 72' lang='lat' dir='ltr'>[can.</span> <span class='ocrx_word' id='word_1_21' title='bbox 1266 452 1331 498; x_wconf 78' lang='lat' dir='ltr'>rur.</span> 
     </span>
    </p>
   </div>
   <div class='ocr_carea' id='block_1_6' title="bbox 336 618 1397 3745">
    <p class='ocr_par' dir='ltr' id='par_1_6' title="bbox 336 618 1372 1739">
     <span class='ocr_line' id='line_1_8' title="bbox 336 618 1331 695; baseline 0 -19"><span class='ocrx_word' id='word_1_22' title='bbox 336 633 380 677; x_wconf 88' lang='lat' dir='ltr'>cst</span> <span class='ocrx_word' id='word_1_23' title='bbox 415 619 547 694; x_wconf 89' lang='lat' dir='ltr'>primurn</span> <span class='ocrx_word' id='word_1_24' title='bbox 581 618 721 677; x_wconf 87' lang='lat' dir='ltr'>accidens</span> <span class='ocrx_word' id='word_1_25' title='bbox 751 620 923 695; x_wconf 90' lang='lat' dir='ltr'>corporale;</span> <span class='ocrx_word' id='word_1_26' title='bbox 956 619 1009 677; x_wconf 88' lang='lat' dir='ltr'>sed</span> <span class='ocrx_word' id='word_1_27' title='bbox 1036 618 1175 677; x_wconf 87' lang='lat' dir='ltr'>nesciunt</span> <span class='ocrx_word' id='word_1_28' title='bbox 1197 618 1331 677; x_wconf 88' lang='lat' dir='ltr'>ulterius</span> 
     </span>
     <span class='ocr_line' id='line_1_9' title="bbox 336 705 1331 782; baseline 0 -19"><span class='ocrx_word' id='word_1_29' title='bbox 336 707 367 763; x_wconf 92' lang='lat' dir='ltr'>in</span> <span class='ocrx_word' id='word_1_30' title='bbox 402 726 462 781; x_wconf 89' lang='lat' dir='ltr'>qua</span> <span class='ocrx_word' id='word_1_31' title='bbox 495 705 667 763; x_wconf 87' lang='lat' dir='ltr'>continetur</span> <span class='ocrx_word' id='word_1_32' title='bbox 694 706 796 781; x_wconf 87' lang='lat' dir='ltr'>specie</span> <span class='ocrx_word' id='word_1_33' title='bbox 824 706 1014 782; x_wconf 80' lang='lat' dir='ltr'>quantitatis,</span> <span class='ocrx_word' id='word_1_34' title='bbox 1046 707 1099 764; x_wconf 88' lang='lat' dir='ltr'>sed</span> <span class='ocrx_word' id='word_1_35' title='bbox 1127 724 1206 763; x_wconf 92' lang='lat' dir='ltr'>unus</span> <span class='ocrx_word' id='word_1_36' title='bbox 1230 706 1331 764; x_wconf 84' lang='lat' dir='ltr'>fertur</span> 
     </span>
     <span class='ocr_line' id='line_1_10' title="bbox 337 792 1330 868; baseline 0 -19"><span class='ocrx_word' id='word_1_37' title='bbox 337 793 445 850; x_wconf 82' lang='lat' dir='ltr'>dixisse</span> <span class='ocrx_word' id='word_1_38' title='bbox 484 795 564 868; x_wconf 92' lang='lat' dir='ltr'>quod</span> <span class='ocrx_word' id='word_1_39' title='bbox 604 795 661 850; x_wconf 89' lang='lat' dir='ltr'>hoc</span> <span class='ocrx_word' id='word_1_40' title='bbox 699 807 923 852; x_wconf 87' lang='lat' dir='ltr'>sacramentum</span> <span class='ocrx_word' id='word_1_41' title='bbox 962 792 1001 850; x_wconf 90' lang='lat' dir='ltr'>sit</span> <span class='ocrx_word' id='word_1_42' title='bbox 1039 807 1159 868; x_wconf 85' lang='lat' dir='ltr'>tempus</span> <span class='ocrx_word' id='word_1_43' title='bbox 1196 806 1227 850; x_wconf 92' lang='lat' dir='ltr'>et</span> <span class='ocrx_word' id='word_1_44' title='bbox 1260 793 1330 851; x_wconf 89' lang='lat' dir='ltr'>dies</span> 
     </span>
     <span class='ocr_line' id='line_1_11' title="bbox 338 878 1330 954; baseline 0.001 -18"><span class='ocrx_word' id='word_1_45' title='bbox 338 883 520 938; x_wconf 87' lang='lat' dir='ltr'>Parasceues</span> <span class='ocrx_word' id='word_1_46' title='bbox 547 880 605 937; x_wconf 91' lang='lat' dir='ltr'>isto</span> <span class='ocrx_word' id='word_1_47' title='bbox 633 899 729 954; x_wconf 90' lang='lat' dir='ltr'>anno;</span> <span class='ocrx_word' id='word_1_48' title='bbox 761 880 831 938; x_wconf 90' lang='lat' dir='ltr'>licet</span> <span class='ocrx_word' id='word_1_49' title='bbox 854 893 955 938; x_wconf 86' lang='lat' dir='ltr'>autern</span> <span class='ocrx_word' id='word_1_50' title='bbox 985 880 1092 937; x_wconf 84' lang='lat' dir='ltr'>fratres</span> <span class='ocrx_word' id='word_1_51' title='bbox 1115 878 1330 938; x_wconf 88' lang='lat' dir='ltr'>Predicatores</span> 
     </span>
     <span class='ocr_line' id='line_1_12' title="bbox 337 966 1354 1039; baseline -0.002 -16"><span class='ocrx_word' id='word_1_52' title='bbox 337 967 369 1024; x_wconf 92' lang='lat' dir='ltr'>in</span> <span class='ocrx_word' id='word_1_53' title='bbox 392 967 590 1025; x_wconf 81' lang='lat' dir='ltr'>fundamento</span> <span class='ocrx_word' id='word_1_54' title='bbox 615 967 747 1025; x_wconf 90' lang='lat' dir='ltr'>heretico</span> <span class='ocrx_word' id='word_1_55' title='bbox 776 967 833 1025; x_wconf 89' lang='lat' dir='ltr'>isto</span> <span class='ocrx_word' id='word_1_56' title='bbox 861 966 1079 1039; x_wconf 83' lang='lat' dir='ltr'>consenserint,</span> <span class='ocrx_word' id='word_1_57' title='bbox 1107 968 1270 1025; x_wconf 84' lang='lat' dir='ltr'>fundantes</span> <span class='ocrx_word' id='word_1_58' title='bbox 1295 970 1354 1025; x_wconf 79' lang='lat' dir='ltr'>sei</span> 
     </span>
     <span class='ocr_line' id='line_1_13' title="bbox 337 1054 1329 1130; baseline 0 -19"><span class='ocrx_word' id='word_1_59' title='bbox 337 1074 428 1129; x_wconf 92' lang='lat' dir='ltr'>super</span> <span class='ocrx_word' id='word_1_60' title='bbox 449 1055 601 1112; x_wconf 86' lang='lat' dir='ltr'>Thomam</span> <span class='ocrx_word' id='word_1_61' title='bbox 631 1055 668 1111; x_wconf 89' lang='lat' dir='ltr'>de</span> <span class='ocrx_word' id='word_1_62' title='bbox 695 1054 838 1130; x_wconf 88' lang='lat' dir='ltr'>Alquino,</span> <span class='ocrx_word' id='word_1_63' title='bbox 871 1056 978 1113; x_wconf 88' lang='lat' dir='ltr'>iratres</span> <span class='ocrx_word' id='word_1_64' title='bbox 1005 1068 1108 1112; x_wconf 88' lang='lat' dir='ltr'>tamen</span> <span class='ocrx_word' id='word_1_65' title='bbox 1131 1054 1264 1112; x_wconf 88' lang='lat' dir='ltr'>Minores</span> <span class='ocrx_word' id='word_1_66' title='bbox 1294 1054 1329 1112; x_wconf 89' lang='lat' dir='ltr'>in</span> 
     </span>
     <span class='ocr_line' id='line_1_14' title="bbox 338 1141 1329 1217; baseline 0 -17"><span class='ocrx_word' id='word_1_67' title='bbox 338 1145 395 1200; x_wconf 89' lang='lat' dir='ltr'>hac</span> <span class='ocrx_word' id='word_1_68' title='bbox 418 1143 551 1199; x_wconf 87' lang='lat' dir='ltr'>secunda</span> <span class='ocrx_word' id='word_1_69' title='bbox 574 1154 661 1216; x_wconf 89' lang='lat' dir='ltr'>parte</span> <span class='ocrx_word' id='word_1_70' title='bbox 684 1160 802 1199; x_wconf 90' lang='lat' dir='ltr'>errores</span> <span class='ocrx_word' id='word_1_71' title='bbox 826 1141 1034 1214; x_wconf 89' lang='lat' dir='ltr'>consenciunt,</span> <span class='ocrx_word' id='word_1_72' title='bbox 1057 1142 1217 1199; x_wconf 82' lang='lat' dir='ltr'>fundantes</span> <span class='ocrx_word' id='word_1_73' title='bbox 1234 1161 1329 1217; x_wconf 91' lang='lat' dir='ltr'>super</span> 
     </span>
     <span class='ocr_line' id='line_1_15' title="bbox 338 1227 1329 1304; baseline 0.001 -18"><span class='ocrx_word' id='word_1_74' title='bbox 338 1229 419 1286; x_wconf 87' lang='lat' dir='ltr'>dicto</span> <span class='ocrx_word' id='word_1_75' title='bbox 444 1228 609 1304; x_wconf 89' lang='lat' dir='ltr'>lnceptoris</span> <span class='ocrx_word' id='word_1_76' title='bbox 632 1230 746 1287; x_wconf 88' lang='lat' dir='ltr'>Occam</span> <span class='ocrx_word' id='word_1_77' title='bbox 776 1230 858 1304; x_wconf 91' lang='lat' dir='ltr'>quod</span> <span class='ocrx_word' id='word_1_78' title='bbox 887 1228 987 1287; x_wconf 91' lang='lat' dir='ltr'>omnis</span> <span class='ocrx_word' id='word_1_79' title='bbox 1015 1247 1063 1287; x_wconf 87' lang='lat' dir='ltr'>res</span> <span class='ocrx_word' id='word_1_80' title='bbox 1087 1230 1199 1286; x_wconf 83' lang='lat' dir='ltr'>durans</span> <span class='ocrx_word' id='word_1_81' title='bbox 1222 1227 1329 1287; x_wconf 89' lang='lat' dir='ltr'>invisi-</span> 
     </span>
     <span class='ocr_line' id='line_1_16' title="bbox 338 1315 1328 1392; baseline 0.001 -20"><span class='ocrx_word' id='word_1_82' title='bbox 338 1316 438 1373; x_wconf 90' lang='lat' dir='ltr'>biliter</span> <span class='ocrx_word' id='word_1_83' title='bbox 470 1329 549 1373; x_wconf 88' lang='lat' dir='ltr'>extat</span> <span class='ocrx_word' id='word_1_84' title='bbox 581 1330 710 1391; x_wconf 90' lang='lat' dir='ltr'>tempus,</span> <span class='ocrx_word' id='word_1_85' title='bbox 743 1329 772 1373; x_wconf 90' lang='lat' dir='ltr'>et</span> <span class='ocrx_word' id='word_1_86' title='bbox 804 1316 847 1374; x_wconf 92' lang='lat' dir='ltr'>sic</span> <span class='ocrx_word' id='word_1_87' title='bbox 879 1335 948 1374; x_wconf 89' lang='lat' dir='ltr'>cum</span> <span class='ocrx_word' id='word_1_88' title='bbox 978 1316 1145 1373; x_wconf 89' lang='lat' dir='ltr'>secundum</span> <span class='ocrx_word' id='word_1_89' title='bbox 1174 1315 1328 1392; x_wconf 85' lang='lat' dir='ltr'>principia</span> 
     </span>
     <span class='ocr_line' id='line_1_17' title="bbox 338 1402 1372 1479; baseline -0.006 -19"><span class='ocrx_word' id='word_1_90' title='bbox 338 1403 588 1479; x_wconf 88' lang='lat' dir='ltr'>philosophorum</span> <span class='ocrx_word' id='word_1_91' title='bbox 614 1402 768 1478; x_wconf 85' lang='lat' dir='ltr'>quantitas</span> <span class='ocrx_word' id='word_1_92' title='bbox 794 1422 855 1461; x_wconf 91' lang='lat' dir='ltr'>non</span> <span class='ocrx_word' id='word_1_93' title='bbox 885 1416 929 1460; x_wconf 91' lang='lat' dir='ltr'>est</span> <span class='ocrx_word' id='word_1_94' title='bbox 952 1405 990 1460; x_wconf 91' lang='lat' dir='ltr'>de</span> <span class='ocrx_word' id='word_1_95' title='bbox 1012 1421 1122 1478; x_wconf 81' lang='lat' dir='ltr'>genere</span> <span class='ocrx_word' id='word_1_96' title='bbox 1145 1402 1327 1473; x_wconf 85' lang='lat' dir='ltr'>activorum,</span> <span class='ocrx_word' id='word_1_97' title='bbox 1342 1423 1372 1455; x_wconf 85' lang='grc' dir='ltr'>ιο</span> 
     </span>
     <span class='ocr_line' id='line_1_18' title="bbox 340 1492 1328 1566; baseline 0.001 -19"><span class='ocrx_word' id='word_1_98' title='bbox 340 1503 368 1547; x_wconf 92' lang='lat' dir='ltr'>et</span> <span class='ocrx_word' id='word_1_99' title='bbox 406 1492 464 1548; x_wconf 93' lang='lat' dir='ltr'>hoc</span> <span class='ocrx_word' id='word_1_100' title='bbox 502 1504 724 1548; x_wconf 88' lang='lat' dir='ltr'>sacramentum</span> <span class='ocrx_word' id='word_1_101' title='bbox 764 1504 797 1547; x_wconf 91' lang='lat' dir='ltr'>ut</span> <span class='ocrx_word' id='word_1_102' title='bbox 835 1509 947 1565; x_wconf 82' lang='lat' dir='ltr'>negare</span> <span class='ocrx_word' id='word_1_103' title='bbox 984 1510 1045 1548; x_wconf 92' lang='lat' dir='ltr'>non</span> <span class='ocrx_word' id='word_1_104' title='bbox 1085 1504 1228 1566; x_wconf 86' lang='lat' dir='ltr'>poterunt</span> <span class='ocrx_word' id='word_1_105' title='bbox 1261 1508 1328 1548; x_wconf 88' lang='lat' dir='ltr'>esse</span> 
     </span>
     <span class='ocr_line' id='line_1_19' title="bbox 339 1576 1326 1653; baseline -0.001 -18"><span class='ocrx_word' id='word_1_106' title='bbox 339 1577 481 1648; x_wconf 86' lang='lat' dir='ltr'>activum,</span> <span class='ocrx_word' id='word_1_107' title='bbox 505 1577 625 1634; x_wconf 86' lang='lat' dir='ltr'>videtur</span> <span class='ocrx_word' id='word_1_108' title='bbox 647 1577 712 1634; x_wconf 92' lang='lat' dir='ltr'>istis</span> <span class='ocrx_word' id='word_1_109' title='bbox 730 1578 870 1635; x_wconf 88' lang='lat' dir='ltr'>hereticis</span> <span class='ocrx_word' id='word_1_110' title='bbox 887 1576 1109 1636; x_wconf 88' lang='lat' dir='ltr'>consonancius</span> <span class='ocrx_word' id='word_1_111' title='bbox 1125 1577 1225 1636; x_wconf 87' lang='lat' dir='ltr'>dicere</span> <span class='ocrx_word' id='word_1_112' title='bbox 1241 1579 1326 1653; x_wconf 90' lang='lat' dir='ltr'>quod</span> 
     </span>
     <span class='ocr_line' id='line_1_20' title="bbox 339 1664 1115 1739; baseline 0.003 -19"><span class='ocrx_word' id='word_1_113' title='bbox 339 1666 396 1721; x_wconf 92' lang='lat' dir='ltr'>hoc</span> <span class='ocrx_word' id='word_1_114' title='bbox 419 1678 645 1723; x_wconf 85' lang='lat' dir='ltr'>sacramentum</span> <span class='ocrx_word' id='word_1_115' title='bbox 669 1664 707 1722; x_wconf 92' lang='lat' dir='ltr'>sit</span> <span class='ocrx_word' id='word_1_116' title='bbox 730 1664 860 1739; x_wconf 88' lang='lat' dir='ltr'>qualitas</span> <span class='ocrx_word' id='word_1_117' title='bbox 882 1665 946 1722; x_wconf 90' lang='lat' dir='ltr'>sine</span> <span class='ocrx_word' id='word_1_118' title='bbox 969 1664 1115 1723; x_wconf 87' lang='lat' dir='ltr'>subiecto.</span> 
     </span>
    </p>

    <p class='ocr_par' dir='ltr' id='par_1_7' title="bbox 339 1752 1371 2244">
     <span class='ocr_line' id='line_1_21' title="bbox 381 1752 1329 1827; baseline 0.001 -19"><span class='ocrx_word' id='word_1_119' title='bbox 381 1752 491 1809; x_wconf 90' lang='lat' dir='ltr'>Tercio</span> <span class='ocrx_word' id='word_1_120' title='bbox 514 1770 584 1809; x_wconf 91' lang='lat' dir='ltr'>vero</span> <span class='ocrx_word' id='word_1_121' title='bbox 607 1753 818 1809; x_wconf 82' lang='lat' dir='ltr'>communicavi</span> <span class='ocrx_word' id='word_1_122' title='bbox 837 1753 985 1810; x_wconf 87' lang='lat' dir='ltr'>recencius</span> <span class='ocrx_word' id='word_1_123' title='bbox 1005 1770 1069 1809; x_wconf 89' lang='lat' dir='ltr'>cum</span> <span class='ocrx_word' id='word_1_124' title='bbox 1086 1752 1329 1827; x_wconf 80' lang='lat' dir='ltr'>quodamsrntre</span> 
     </span>
     <span class='ocr_line' id='line_1_22' title="bbox 339 1838 1371 1916; baseline -0.004 -20"><span class='ocrx_word' id='word_1_125' title='bbox 339 1858 471 1916; x_wconf 80' lang='lat' dir='ltr'>episcopo</span> <span class='ocrx_word' id='word_1_126' title='bbox 506 1838 556 1914; x_wconf 90' lang='lat' dir='ltr'>qui</span> <span class='ocrx_word' id='word_1_127' title='bbox 590 1857 658 1896; x_wconf 90' lang='lat' dir='ltr'>cum</span> <span class='ocrx_word' id='word_1_128' title='bbox 693 1839 767 1896; x_wconf 91' lang='lat' dir='ltr'>mihi</span> <span class='ocrx_word' id='word_1_129' title='bbox 799 1853 938 1914; x_wconf 84' lang='lat' dir='ltr'>argueret</span> <span class='ocrx_word' id='word_1_130' title='bbox 969 1839 1042 1898; x_wconf 91' lang='lat' dir='ltr'>satis</span> <span class='ocrx_word' id='word_1_131' title='bbox 1080 1852 1167 1896; x_wconf 88' lang='lat' dir='ltr'>acute</span> <span class='ocrx_word' id='word_1_132' title='bbox 1199 1838 1231 1896; x_wconf 92' lang='lat' dir='ltr'>in</span> <span class='ocrx_word' id='word_1_133' title='bbox 1269 1838 1327 1897; x_wconf 85' lang='lat' dir='ltr'>ista</span> <span class='ocrx_word' id='word_1_134' title='bbox 1343 1844 1371 1893; x_wconf 82' lang='lat'>15</span> 
     </span>
     <span class='ocr_line' id='line_1_23' title="bbox 341 1924 1327 2002; baseline 0.001 -20"><span class='ocrx_word' id='word_1_135' title='bbox 341 1927 467 1983; x_wconf 89' lang='lat' dir='ltr'>materia</span> <span class='ocrx_word' id='word_1_136' title='bbox 500 1926 696 1984; x_wconf 88' lang='lat' dir='ltr'>convenimus</span> <span class='ocrx_word' id='word_1_137' title='bbox 728 1928 811 2002; x_wconf 90' lang='lat' dir='ltr'>quod</span> <span class='ocrx_word' id='word_1_138' title='bbox 844 1926 875 1984; x_wconf 91' lang='lat' dir='ltr'>in</span> <span class='ocrx_word' id='word_1_139' title='bbox 905 1927 964 1984; x_wconf 85' lang='lat' dir='ltr'>fine</span> <span class='ocrx_word' id='word_1_140' title='bbox 992 1926 1055 2002; x_wconf 89' lang='lat' dir='ltr'>ipse</span> <span class='ocrx_word' id='word_1_141' title='bbox 1087 1925 1202 1984; x_wconf 90' lang='lat' dir='ltr'>diceret</span> <span class='ocrx_word' id='word_1_142' title='bbox 1234 1924 1327 1983; x_wconf 87' lang='lat' dir='ltr'>fidem</span> 
     </span>
     <span class='ocr_line' id='line_1_24' title="bbox 340 2012 1331 2090; baseline -0.001 -20"><span class='ocrx_word' id='word_1_143' title='bbox 340 2032 424 2070; x_wconf 85' lang='lat' dir='ltr'>suam</span> <span class='ocrx_word' id='word_1_144' title='bbox 442 2026 471 2069; x_wconf 90' lang='lat' dir='ltr'>et</span> <span class='ocrx_word' id='word_1_145' title='bbox 488 2013 560 2070; x_wconf 89' lang='lat' dir='ltr'>dixit</span> <span class='ocrx_word' id='word_1_146' title='bbox 578 2012 650 2070; x_wconf 90' lang='lat' dir='ltr'>mihi</span> <span class='ocrx_word' id='word_1_147' title='bbox 673 2014 793 2089; x_wconf 90' lang='lat' dir='ltr'>publice</span> <span class='ocrx_word' id='word_1_148' title='bbox 813 2017 894 2090; x_wconf 88' lang='lat' dir='ltr'>quod</span> <span class='ocrx_word' id='word_1_149' title='bbox 918 2026 1133 2071; x_wconf 84' lang='lat' dir='ltr'>sacramentum</span> <span class='ocrx_word' id='word_1_150' title='bbox 1157 2024 1201 2071; x_wconf 85' lang='lat' dir='ltr'>cst</span> <span class='ocrx_word' id='word_1_151' title='bbox 1223 2014 1331 2083; x_wconf 80' lang='lat' dir='ltr'>nichil,-</span> 
     </span>
     <span class='ocr_line' id='line_1_25' title="bbox 341 2099 1329 2177; baseline 0 -20"><span class='ocrx_word' id='word_1_152' title='bbox 341 2113 369 2157; x_wconf 92' lang='lat' dir='ltr'>et</span> <span class='ocrx_word' id='word_1_153' title='bbox 397 2099 440 2156; x_wconf 94' lang='lat' dir='ltr'>sic</span> <span class='ocrx_word' id='word_1_154' title='bbox 468 2102 590 2158; x_wconf 87' lang='lat' dir='ltr'>deberet</span> <span class='ocrx_word' id='word_1_155' title='bbox 618 2100 718 2158; x_wconf 89' lang='lat' dir='ltr'>dicere</span> <span class='ocrx_word' id='word_1_156' title='bbox 746 2115 966 2177; x_wconf 89' lang='lat' dir='ltr'>consequenter</span> <span class='ocrx_word' id='word_1_157' title='bbox 989 2103 1070 2175; x_wconf 92' lang='lat' dir='ltr'>quod</span> <span class='ocrx_word' id='word_1_158' title='bbox 1098 2114 1143 2158; x_wconf 88' lang='lat' dir='ltr'>est</span> <span class='ocrx_word' id='word_1_159' title='bbox 1174 2099 1269 2158; x_wconf 90' lang='lat' dir='ltr'>nichil</span> <span class='ocrx_word' id='word_1_160' title='bbox 1296 2099 1329 2157; x_wconf 94' lang='lat' dir='ltr'>in</span> 
     </span>
     <span class='ocr_line' id='line_1_26' title="bbox 339 2186 576 2244; baseline 0.004 -1"><span class='ocrx_word' id='word_1_161' title='bbox 339 2188 438 2244; x_wconf 89' lang='lat' dir='ltr'>forma</span> <span class='ocrx_word' id='word_1_162' title='bbox 461 2186 576 2244; x_wconf 91' lang='lat' dir='ltr'>nichili.</span> 
     </span>
    </p>

    <p class='ocr_par' dir='ltr' id='par_1_8' title="bbox 340 2273 1375 2524">
     <span class='ocr_line' id='line_1_27' title="bbox 384 2273 1375 2350; baseline -0.002 -20"><span class='ocrx_word' id='word_1_163' title='bbox 384 2273 448 2330; x_wconf 91' lang='lat' dir='ltr'>Alie</span> <span class='ocrx_word' id='word_1_164' title='bbox 486 2288 589 2332; x_wconf 86' lang='lat' dir='ltr'>autem</span> <span class='ocrx_word' id='word_1_165' title='bbox 627 2289 697 2332; x_wconf 87' lang='lat' dir='ltr'>sunt</span> <span class='ocrx_word' id='word_1_166' title='bbox 743 2275 837 2332; x_wconf 90' lang='lat' dir='ltr'>multe</span> <span class='ocrx_word' id='word_1_167' title='bbox 874 2274 1034 2350; x_wconf 89' lang='lat' dir='ltr'>opiniones</span> <span class='ocrx_word' id='word_1_168' title='bbox 1072 2273 1204 2333; x_wconf 90' lang='lat' dir='ltr'>heretice</span> <span class='ocrx_word' id='word_1_169' title='bbox 1246 2274 1375 2333; x_wconf 71' lang='lat' dir='ltr'>circaeo</span> 
     </span>
     <span class='ocr_line' id='line_1_28' title="bbox 341 2361 1329 2437; baseline 0.002 -20"><span class='ocrx_word' id='word_1_170' title='bbox 341 2361 519 2436; x_wconf 88' lang='lat' dir='ltr'>quiditatem</span> <span class='ocrx_word' id='word_1_171' title='bbox 538 2361 631 2437; x_wconf 89' lang='lat' dir='ltr'>ipsius</span> <span class='ocrx_word' id='word_1_172' title='bbox 647 2361 825 2419; x_wconf 86' lang='lat' dir='ltr'>venerabilis</span> <span class='ocrx_word' id='word_1_173' title='bbox 841 2361 1039 2433; x_wconf 84' lang='lat' dir='ltr'>sacramenti3</span> <span class='ocrx_word' id='word_1_174' title='bbox 1055 2363 1107 2420; x_wconf 90' lang='lat' dir='ltr'>sed</span> <span class='ocrx_word' id='word_1_175' title='bbox 1124 2361 1180 2420; x_wconf 90' lang='lat' dir='ltr'>iste</span> <span class='ocrx_word' id='word_1_176' title='bbox 1196 2375 1329 2437; x_wconf 88' lang='lat' dir='ltr'>quatuor</span> 
     </span>
     <span class='ocr_line' id='line_1_29' title="bbox 340 2448 740 2524; baseline -0.003 -19"><span class='ocrx_word' id='word_1_177' title='bbox 340 2448 494 2506; x_wconf 80' lang='lat' dir='ltr'>sufficiunt</span> <span class='ocrx_word' id='word_1_178' title='bbox 519 2468 574 2523; x_wconf 94' lang='lat' dir='ltr'>pro</span> <span class='ocrx_word' id='word_1_179' title='bbox 598 2448 740 2524; x_wconf 88' lang='lat' dir='ltr'>presenti.</span> 
     </span>
    </p>

    <p class='ocr_par' dir='ltr' id='par_1_9' title="bbox 340 2534 1397 3483">
     <span class='ocr_line' id='line_1_30' title="bbox 385 2534 1332 2611; baseline 0.001 -19"><span class='ocrx_word' id='word_1_180' title='bbox 385 2538 454 2593; x_wconf 92' lang='lat' dir='ltr'>ldeo</span> <span class='ocrx_word' id='word_1_181' title='bbox 490 2550 595 2594; x_wconf 91' lang='lat' dir='ltr'>contra</span> <span class='ocrx_word' id='word_1_182' title='bbox 627 2535 758 2611; x_wconf 88' lang='lat' dir='ltr'>primam</span> <span class='ocrx_word' id='word_1_183' title='bbox 786 2535 962 2610; x_wconf 89' lang='lat' dir='ltr'>opinionem</span> <span class='ocrx_word' id='word_1_184' title='bbox 992 2534 1156 2594; x_wconf 86' lang='lat' dir='ltr'>hereticam</span> <span class='ocrx_word' id='word_1_185' title='bbox 1184 2535 1256 2593; x_wconf 85' lang='lat' dir='ltr'>satis</span> <span class='ocrx_word' id='word_1_186' title='bbox 1285 2548 1332 2593; x_wconf 90' lang='lat' dir='ltr'>est</span> 
     </span>
     <span class='ocr_line' id='line_1_31' title="bbox 340 2621 1331 2699; baseline 0 -20"><span class='ocrx_word' id='word_1_187' title='bbox 340 2622 389 2680; x_wconf 91' lang='lat' dir='ltr'>hic</span> <span class='ocrx_word' id='word_1_188' title='bbox 414 2623 512 2681; x_wconf 88' lang='lat' dir='ltr'>dicere</span> <span class='ocrx_word' id='word_1_189' title='bbox 535 2623 607 2699; x_wconf 88' lang='lat' dir='ltr'>quid</span> <span class='ocrx_word' id='word_1_190' title='bbox 631 2623 726 2681; x_wconf 87' lang='lat' dir='ltr'>sancti</span> <span class='ocrx_word' id='word_1_191' title='bbox 750 2636 907 2681; x_wconf 90' lang='lat' dir='ltr'>senserunt</span> <span class='ocrx_word' id='word_1_192' title='bbox 932 2623 963 2680; x_wconf 91' lang='lat' dir='ltr'>in</span> <span class='ocrx_word' id='word_1_193' title='bbox 992 2626 1048 2680; x_wconf 89' lang='lat' dir='ltr'>hoc</span> <span class='ocrx_word' id='word_1_194' title='bbox 1071 2635 1193 2698; x_wconf 90' lang='lat' dir='ltr'>puncto.</span> <span class='ocrx_word' id='word_1_195' title='bbox 1218 2621 1331 2680; x_wconf 87' lang='lat' dir='ltr'>Scribit</span> 
     </span>
     <span class='ocr_line' id='line_1_32' title="bbox 342 2709 1376 2785; baseline -0.001 -18"><span class='ocrx_word' id='word_1_196' title='bbox 342 2711 422 2767; x_wconf 86' lang='lat' dir='ltr'>enim</span> <span class='ocrx_word' id='word_1_197' title='bbox 457 2730 583 2785; x_wconf 85' lang='lat' dir='ltr'>magnus</span> <span class='ocrx_word' id='word_1_198' title='bbox 615 2712 722 2768; x_wconf 90' lang='lat' dir='ltr'>doctor</span> <span class='ocrx_word' id='word_1_199' title='bbox 750 2710 846 2768; x_wconf 88' lang='lat' dir='ltr'>fidelis</span> <span class='ocrx_word' id='word_1_200' title='bbox 876 2724 904 2767; x_wconf 88' lang='lat' dir='ltr'>et</span> <span class='ocrx_word' id='word_1_201' title='bbox 933 2709 1050 2768; x_wconf 91' lang='lat' dir='ltr'>subtilis</span> <span class='ocrx_word' id='word_1_202' title='bbox 1078 2709 1205 2767; x_wconf 87' lang='lat' dir='ltr'>clericus</span> <span class='ocrx_word' id='word_1_203' title='bbox 1227 2710 1376 2785; x_wconf 79' lang='lat' dir='ltr'>Augu-25</span> 
     </span>
     <span class='ocr_line' id='line_1_33' title="bbox 342 2792 1397 2870; baseline -0.001 -16"><span class='ocrx_word' id='word_1_204' title='bbox 342 2797 438 2854; x_wconf 89' lang='lat' dir='ltr'>stinus</span> <span class='ocrx_word' id='word_1_205' title='bbox 470 2797 500 2854; x_wconf 94' lang='lat' dir='ltr'>in</span> <span class='ocrx_word' id='word_1_206' title='bbox 535 2800 577 2855; x_wconf 90' lang='lat' dir='ltr'>De</span> <span class='ocrx_word' id='word_1_207' title='bbox 610 2797 787 2869; x_wconf 86' lang='lat' dir='ltr'>Quantitate</span> <span class='ocrx_word' id='word_1_208' title='bbox 819 2797 942 2855; x_wconf 82' lang='lat' dir='ltr'>Anime:</span> <span class='ocrx_word' id='word_1_209' title='bbox 980 2799 1047 2854; x_wconf 91' lang='lat' dir='ltr'>Non</span> <span class='ocrx_word' id='word_1_210' title='bbox 1080 2797 1188 2869; x_wconf 81' lang='lat' dir='ltr'>dubito,</span> <span class='ocrx_word' id='word_1_211' title='bbox 1219 2795 1330 2870; x_wconf 91' lang='lat' dir='ltr'>inquit,</span> <span class='ocrx_word' id='word_1_212' title='bbox 1390 2792 1397 2801; x_wconf 86' lang='grc'>’</span> 
     </span>
     <span class='ocr_line' id='line_1_34' title="bbox 343 2884 1331 2964; baseline -0.002 -22"><span class='ocrx_word' id='word_1_213' title='bbox 343 2904 469 2962; x_wconf 82' lang='lat' dir='ltr'>corpora</span> <span class='ocrx_word' id='word_1_214' title='bbox 494 2885 589 2941; x_wconf 80' lang='lat' dir='ltr'>ornnia</span> <span class='ocrx_word' id='word_1_215' title='bbox 613 2885 804 2964; x_wconf 81' lang='lat' dir='ltr'>longitudine,</span> <span class='ocrx_word' id='word_1_216' title='bbox 828 2885 981 2942; x_wconf 81' lang='lat' dir='ltr'>latitudine</span> <span class='ocrx_word' id='word_1_217' title='bbox 1003 2896 1030 2940; x_wconf 89' lang='lat' dir='ltr'>et</span> <span class='ocrx_word' id='word_1_218' title='bbox 1053 2884 1207 2941; x_wconf 82' lang='lat' dir='ltr'>altitudine</span> <span class='ocrx_word' id='word_1_219' title='bbox 1225 2902 1331 2941; x_wconf 83' lang='lat' dir='ltr'>curere</span> 
     </span>
     <span class='ocr_line' id='line_1_35' title="bbox 344 2971 1331 3050; baseline 0.001 -23"><span class='ocrx_word' id='word_1_220' title='bbox 344 2991 400 3028; x_wconf 88' lang='lat' dir='ltr'>non</span> <span class='ocrx_word' id='word_1_221' title='bbox 429 2989 525 3048; x_wconf 86' lang='lat' dir='ltr'>posse,</span> <span class='ocrx_word' id='word_1_222' title='bbox 560 2972 612 3029; x_wconf 78' lang='lat' dir='ltr'>sed</span> <span class='ocrx_word' id='word_1_223' title='bbox 645 2973 786 3048; x_wconf 81' lang='lat' dir='ltr'>numquid</span> <span class='ocrx_word' id='word_1_224' title='bbox 813 2983 910 3049; x_wconf 84' lang='lat' dir='ltr'>potest</span> <span class='ocrx_word' id='word_1_225' title='bbox 941 2971 1072 3050; x_wconf 76' lang='lat' dir='ltr'>cogitari</span> <span class='ocrx_word' id='word_1_226' title='bbox 1098 2972 1154 3028; x_wconf 85' lang='lat' dir='ltr'>ista</span> <span class='ocrx_word' id='word_1_227' title='bbox 1182 2974 1239 3027; x_wconf 81' lang='lat' dir='ltr'>tria</span> <span class='ocrx_word' id='word_1_228' title='bbox 1266 2989 1331 3028; x_wconf 85' lang='lat' dir='ltr'>esse</span> 
     </span>
     <span class='ocr_line' id='line_1_36' title="bbox 344 3057 1332 3137; baseline 0 -24"><span class='ocrx_word' id='word_1_229' title='bbox 344 3059 399 3114; x_wconf 88' lang='lat' dir='ltr'>uisi</span> <span class='ocrx_word' id='word_1_230' title='bbox 421 3059 447 3114; x_wconf 89' lang='lat' dir='ltr'>in</span> <span class='ocrx_word' id='word_1_231' title='bbox 472 3060 668 3135; x_wconf 80' lang='lat' dir='ltr'>corporibus?</span> <span class='ocrx_word' id='word_1_232' title='bbox 699 3061 766 3116; x_wconf 90' lang='lat' dir='ltr'>Non</span> <span class='ocrx_word' id='word_1_233' title='bbox 795 3059 937 3137; x_wconf 75' lang='lat' dir='ltr'>intelligo,</span> <span class='ocrx_word' id='word_1_234' title='bbox 970 3057 1079 3134; x_wconf 90' lang='lat' dir='ltr'>inquit,</span> <span class='ocrx_word' id='word_1_235' title='bbox 1112 3058 1254 3134; x_wconf 82' lang='lat' dir='ltr'>quomodo</span> <span class='ocrx_word' id='word_1_236' title='bbox 1277 3058 1332 3114; x_wconf 83' lang='lat' dir='ltr'>alii</span> 
     </span>
     <span class='ocr_line' id='line_1_37' title="bbox 341 3145 1377 3223; baseline -0.001 -21"><span class='ocrx_word' id='word_1_237' title='bbox 341 3158 464 3223; x_wconf 80' lang='lat' dir='ltr'>possunt</span> <span class='ocrx_word' id='word_1_238' title='bbox 496 3164 565 3202; x_wconf 88' lang='lat' dir='ltr'>esse.</span> <span class='ocrx_word' id='word_1_239' title='bbox 600 3149 718 3203; x_wconf 87' lang='lat' dir='ltr'>Fratres</span> <span class='ocrx_word' id='word_1_240' title='bbox 747 3160 848 3203; x_wconf 88' lang='lat' dir='ltr'>autem</span> <span class='ocrx_word' id='word_1_241' title='bbox 874 3146 1083 3203; x_wconf 87' lang='lat' dir='ltr'>Predicatores</span> <span class='ocrx_word' id='word_1_242' title='bbox 1106 3145 1224 3220; x_wconf 84' lang='lat' dir='ltr'>lingunt</span> <span class='ocrx_word' id='word_1_243' title='bbox 1246 3147 1329 3220; x_wconf 91' lang='lat' dir='ltr'>quod</span> <span class='ocrx_word' id='word_1_244' title='bbox 1341 3152 1377 3202; x_wconf 82' lang='lat'>30</span> 
     </span>
     <span class='ocr_line' id='line_1_38' title="bbox 344 3231 1330 3309; baseline -0.001 -20"><span class='ocrx_word' id='word_1_245' title='bbox 344 3251 453 3306; x_wconf 88' lang='lat' dir='ltr'>corpus</span> <span class='ocrx_word' id='word_1_246' title='bbox 486 3232 597 3289; x_wconf 90' lang='lat' dir='ltr'>Christi</span> <span class='ocrx_word' id='word_1_247' title='bbox 635 3246 679 3290; x_wconf 90' lang='lat' dir='ltr'>est</span> <span class='ocrx_word' id='word_1_248' title='bbox 717 3232 902 3309; x_wconf 86' lang='lat' dir='ltr'>septipedale</span> <span class='ocrx_word' id='word_1_249' title='bbox 940 3232 970 3289; x_wconf 91' lang='lat' dir='ltr'>in</span> <span class='ocrx_word' id='word_1_250' title='bbox 1009 3231 1142 3308; x_wconf 86' lang='lat' dir='ltr'>qualibet</span> <span class='ocrx_word' id='word_1_251' title='bbox 1179 3231 1330 3307; x_wconf 83' lang='lat' dir='ltr'>particula</span> 
     </span>
     <span class='ocr_line' id='line_1_39' title="bbox 345 3318 1329 3394; baseline 0 -19"><span class='ocrx_word' id='word_1_252' title='bbox 345 3318 441 3376; x_wconf 87' lang='lat' dir='ltr'>hostie</span> <span class='ocrx_word' id='word_1_253' title='bbox 469 3333 652 3391; x_wconf 88' lang='lat' dir='ltr'>consecrate,</span> <span class='ocrx_word' id='word_1_254' title='bbox 686 3333 714 3377; x_wconf 90' lang='lat' dir='ltr'>et</span> <span class='ocrx_word' id='word_1_255' title='bbox 738 3323 775 3378; x_wconf 93' lang='lat' dir='ltr'>ad</span> <span class='ocrx_word' id='word_1_256' title='bbox 806 3322 863 3377; x_wconf 91' lang='lat' dir='ltr'>hoc</span> <span class='ocrx_word' id='word_1_257' title='bbox 886 3321 1017 3394; x_wconf 83' lang='lat' dir='ltr'>allegant</span> <span class='ocrx_word' id='word_1_258' title='bbox 1039 3321 1191 3377; x_wconf 86' lang='lat' dir='ltr'>Thomam</span> <span class='ocrx_word' id='word_1_259' title='bbox 1216 3320 1254 3377; x_wconf 90' lang='lat' dir='ltr'>de</span> <span class='ocrx_word' id='word_1_260' title='bbox 1277 3318 1329 3376; x_wconf 92' lang='lat' dir='ltr'>Al-</span> 
     </span>
     <span class='ocr_line' id='line_1_40' title="bbox 344 3406 1078 3483; baseline 0 -21"><span class='ocrx_word' id='word_1_261' title='bbox 344 3406 438 3482; x_wconf 91' lang='lat' dir='ltr'>quino</span> <span class='ocrx_word' id='word_1_262' title='bbox 462 3406 493 3464; x_wconf 91' lang='lat' dir='ltr'>in</span> <span class='ocrx_word' id='word_1_263' title='bbox 517 3410 560 3464; x_wconf 87' lang='lat' dir='ltr'>De</span> <span class='ocrx_word' id='word_1_264' title='bbox 583 3407 718 3465; x_wconf 89' lang='lat' dir='ltr'>Veritate</span> <span class='ocrx_word' id='word_1_265' title='bbox 741 3407 893 3483; x_wconf 80' lang='lat' dir='ltr'>theologie</span> <span class='ocrx_word' id='word_1_266' title='bbox 916 3407 994 3465; x_wconf 88' lang='lat' dir='ltr'>libro</span> <span class='ocrx_word' id='word_1_267' title='bbox 1018 3410 1078 3463; x_wconf 92' lang='lat' dir='ltr'>Vll.</span> 
     </span>
    </p>

    <p class='ocr_par' dir='ltr' id='par_1_10' title="bbox 344 3492 1375 3745">
     <span class='ocr_line' id='line_1_41' title="bbox 387 3492 1330 3569; baseline -0.001 -18"><span class='ocrx_word' id='word_1_268' title='bbox 387 3496 560 3551; x_wconf 85' lang='lat' dir='ltr'>Secundum</span> <span class='ocrx_word' id='word_1_269' title='bbox 607 3494 812 3552; x_wconf 85' lang='lat' dir='ltr'>testimonium</span> <span class='ocrx_word' id='word_1_270' title='bbox 860 3493 1019 3569; x_wconf 77' lang='lat' dir='ltr'>Augustini</span> <span class='ocrx_word' id='word_1_271' title='bbox 1065 3507 1171 3552; x_wconf 90' lang='lat' dir='ltr'>contra</span> <span class='ocrx_word' id='word_1_272' title='bbox 1223 3492 1330 3550; x_wconf 86' lang='lat' dir='ltr'>fratres</span> 
     </span>
     <span class='ocr_line' id='line_1_42' title="bbox 344 3579 1375 3657; baseline -0.001 -20"><span class='ocrx_word' id='word_1_273' title='bbox 344 3581 475 3638; x_wconf 81' lang='lat' dir='ltr'>Minores</span> <span class='ocrx_word' id='word_1_274' title='bbox 496 3581 615 3656; x_wconf 89' lang='lat' dir='ltr'>cupitur</span> <span class='ocrx_word' id='word_1_275' title='bbox 632 3601 665 3639; x_wconf 88' lang='lat' dir='ltr'>ex</span> <span class='ocrx_word' id='word_1_276' title='bbox 686 3584 819 3639; x_wconf 89' lang='lat' dir='ltr'>secundo</span> <span class='ocrx_word' id='word_1_277' title='bbox 842 3581 1079 3657; x_wconf 88' lang='lat' dir='ltr'>Soliloquiorum</span> <span class='ocrx_word' id='word_1_278' title='bbox 1104 3579 1238 3655; x_wconf 89' lang='lat' dir='ltr'>capitulo</span> <span class='ocrx_word' id='word_1_279' title='bbox 1254 3581 1375 3651; x_wconf 82' lang='lat' dir='ltr'>xttt,35</span> 
     </span>
     <span class='ocr_line' id='line_1_43' title="bbox 345 3668 1330 3745; baseline -0.001 -21"><span class='ocrx_word' id='word_1_280' title='bbox 345 3669 395 3725; x_wconf 86' lang='lat' dir='ltr'>ubi</span> <span class='ocrx_word' id='word_1_281' title='bbox 419 3684 541 3727; x_wconf 87' lang='lat' dir='ltr'>sanctus</span> <span class='ocrx_word' id='word_1_282' title='bbox 564 3669 607 3727; x_wconf 89' lang='lat' dir='ltr'>sic</span> <span class='ocrx_word' id='word_1_283' title='bbox 632 3668 780 3745; x_wconf 87' lang='lat' dir='ltr'>loquitur:</span> <span class='ocrx_word' id='word_1_284' title='bbox 805 3669 879 3726; x_wconf 86' lang='lat' dir='ltr'>Esse</span> <span class='ocrx_word' id='word_1_285' title='bbox 901 3669 1013 3744; x_wconf 81' lang='lat' dir='ltr'>aliquid</span> <span class='ocrx_word' id='word_1_286' title='bbox 1035 3669 1063 3724; x_wconf 89' lang='lat' dir='ltr'>in</span> <span class='ocrx_word' id='word_1_287' title='bbox 1086 3668 1182 3744; x_wconf 81' lang='lat' dir='ltr'>aliquo</span> <span class='ocrx_word' id='word_1_288' title='bbox 1205 3685 1258 3724; x_wconf 89' lang='lat' dir='ltr'>nos</span> <span class='ocrx_word' id='word_1_289' title='bbox 1273 3685 1330 3725; x_wconf 86' lang='lat' dir='ltr'>nou</span> 
     </span>
    </p>
   </div>
   <div class='ocr_carea' id='block_1_7' title="bbox 346 3990 1333 4101">
    <p class='ocr_par' dir='ltr' id='par_1_11' title="bbox 346 3990 1333 4101">
     <span class='ocr_line' id='line_1_44' title="bbox 403 3990 1333 4047; baseline -0.001 -11"><span class='ocrx_word' id='word_1_290' title='bbox 403 4006 419 4044; x_wconf 69' lang='lat' dir='ltr'>i.</span> <span class='ocrx_word' id='word_1_291' title='bbox 435 3994 464 4036; x_wconf 87' lang='lat' dir='ltr'>A:</span> <span class='ocrx_word' id='word_1_292' title='bbox 479 3997 556 4036; x_wconf 79' lang='lat' dir='ltr'>aretem</span> <span class='ocrx_word' id='word_1_293' title='bbox 571 3993 642 4035; x_wconf 87' lang='lat' dir='ltr'>deest.</span> <span class='ocrx_word' id='word_1_294' title='bbox 722 4003 743 4047; x_wconf 89' lang='lat'>7.</span> <span class='ocrx_word' id='word_1_295' title='bbox 766 3990 855 4035; x_wconf 84' lang='lat' dir='ltr'>Codd.:</span> <span class='ocrx_word' id='word_1_296' title='bbox 877 4003 979 4034; x_wconf 83' lang='lat' dir='ltr'>errores.</span> <span class='ocrx_word' id='word_1_297' title='bbox 1065 3993 1097 4035; x_wconf 80' lang='lat' dir='ltr'>ru.</span> <span class='ocrx_word' id='word_1_298' title='bbox 1119 3995 1153 4035; x_wconf 86' lang='lat' dir='ltr'>A:</span> <span class='ocrx_word' id='word_1_299' title='bbox 1167 3990 1333 4035; x_wconf 72' lang='lat' dir='ltr'>convcienciur</span> 
     </span>
     <span class='ocr_line' id='line_1_45' title="bbox 346 4042 1330 4101; baseline -0.001 -13"><span class='ocrx_word' id='word_1_300' title='bbox 346 4047 404 4097; x_wconf 80' lang='lat' dir='ltr'>(sic).</span> <span class='ocrx_word' id='word_1_301' title='bbox 459 4045 491 4097; x_wconf 77' lang='lat'>25,</span> <span class='ocrx_word' id='word_1_302' title='bbox 506 4047 541 4089; x_wconf 75' lang='lat' dir='ltr'>ati.</span> <span class='ocrx_word' id='word_1_303' title='bbox 556 4047 578 4088; x_wconf 89' lang='lat' dir='ltr'>A</span> <span class='ocrx_word' id='word_1_304' title='bbox 593 4045 616 4087; x_wconf 89' lang='lat' dir='ltr'>in</span> <span class='ocrx_word' id='word_1_305' title='bbox 632 4056 719 4098; x_wconf 58' lang='lat' dir='ltr'>marga</span> <span class='ocrx_word' id='word_1_306' title='bbox 734 4044 887 4100; x_wconf 71' lang='lat' dir='ltr'>Augustinus.</span> <span class='ocrx_word' id='word_1_307' title='bbox 947 4042 984 4095; x_wconf 79' lang='lat'>34.</span> <span class='ocrx_word' id='word_1_308' title='bbox 999 4045 1020 4087; x_wconf 90' lang='lat' dir='ltr'>A</span> <span class='ocrx_word' id='word_1_309' title='bbox 1035 4044 1058 4087; x_wconf 90' lang='lat' dir='ltr'>in</span> <span class='ocrx_word' id='word_1_310' title='bbox 1074 4056 1163 4098; x_wconf 54' lang='lat' dir='ltr'>marga</span> <span class='ocrx_word' id='word_1_311' title='bbox 1178 4042 1330 4101; x_wconf 71' lang='lat' dir='ltr'>Augustinus.</span> 
     </span>
    </p>
   </div>
   <div class='ocr_carea' id='block_1_8' title="bbox 344 4184 1331 4460">
    <p class='ocr_par' dir='ltr' id='par_1_12' title="bbox 344 4184 1331 4460">
     <span class='ocr_line' id='line_1_46' title="bbox 396 4184 1331 4249; baseline -0.003 -13"><span class='ocrx_word' id='word_1_312' title='bbox 396 4188 420 4237; x_wconf 76' lang='lat'>8.</span> <span class='ocrx_word' id='word_1_313' title='bbox 444 4187 484 4237; x_wconf 85' lang='lat' dir='ltr'>cf.</span> <span class='ocrx_word' id='word_1_314' title='bbox 509 4187 636 4237; x_wconf 84' lang='lat' dir='ltr'>Fasciculi</span> <span class='ocrx_word' id='word_1_315' title='bbox 656 4187 703 4235; x_wconf 90' lang='lat' dir='ltr'>ziz.</span> <span class='ocrx_word' id='word_1_316' title='bbox 724 4186 786 4237; x_wconf 81' lang='lat' dir='ltr'>llll.</span> <span class='ocrx_word' id='word_1_317' title='bbox 811 4187 885 4236; x_wconf 85' lang='lat' dir='ltr'>Note.</span> <span class='ocrx_word' id='word_1_318' title='bbox 914 4189 1055 4235; x_wconf 62' lang='lat' dir='ltr'>sermones</span> <span class='ocrx_word' id='word_1_319' title='bbox 1074 4186 1113 4249; x_wconf 97' lang='grc' dir='ltr'>ΙΙΙ,</span> <span class='ocrx_word' id='word_1_320' title='bbox 1132 4184 1197 4248; x_wconf 83' lang='lat'>436;</span> <span class='ocrx_word' id='word_1_321' title='bbox 1226 4184 1331 4235; x_wconf 83' lang='lat' dir='ltr'>Trialo-</span> 
     </span>
     <span class='ocr_line' id='line_1_47' title="bbox 344 4254 1330 4322; baseline -0.003 -14"><span class='ocrx_word' id='word_1_322' title='bbox 344 4274 407 4322; x_wconf 74' lang='lat' dir='ltr'>gum</span> <span class='ocrx_word' id='word_1_323' title='bbox 428 4256 490 4307; x_wconf 81' lang='lat'><strong>265:</strong></span> <span class='ocrx_word' id='word_1_324' title='bbox 517 4258 549 4306; x_wconf 78' lang='lat' dir='ltr'>Et</span> <span class='ocrx_word' id='word_1_325' title='bbox 576 4257 622 4306; x_wconf 88' lang='lat' dir='ltr'>illo</span> <span class='ocrx_word' id='word_1_326' title='bbox 646 4257 727 4305; x_wconf 84' lang='lat' dir='ltr'>modo</span> <span class='ocrx_word' id='word_1_327' title='bbox 751 4257 896 4320; x_wconf 89' lang='lat' dir='ltr'>loquuntur</span> <span class='ocrx_word' id='word_1_328' title='bbox 915 4254 1075 4321; x_wconf 86' lang='lat' dir='ltr'>philosophi,</span> <span class='ocrx_word' id='word_1_329' title='bbox 1103 4264 1231 4321; x_wconf 87' lang='lat' dir='ltr'>ponentes</span> <span class='ocrx_word' id='word_1_330' title='bbox 1257 4255 1330 4320; x_wconf 88' lang='lat' dir='ltr'>quod</span> 
     </span>
     <span class='ocr_line' id='line_1_48' title="bbox 345 4322 1331 4392; baseline -0.003 -16"><span class='ocrx_word' id='word_1_331' title='bbox 345 4341 449 4392; x_wconf 85' lang='lat' dir='ltr'>tempus</span> <span class='ocrx_word' id='word_1_332' title='bbox 468 4326 546 4375; x_wconf 83' lang='lat' dir='ltr'>habet</span> <span class='ocrx_word' id='word_1_333' title='bbox 570 4342 627 4376; x_wconf 84' lang='lat' dir='ltr'>esse</span> <span class='ocrx_word' id='word_1_334' title='bbox 648 4342 694 4390; x_wconf 89' lang='lat' dir='ltr'>per</span> <span class='ocrx_word' id='word_1_335' title='bbox 712 4327 826 4375; x_wconf 83' lang='lat' dir='ltr'>animam</span> <span class='ocrx_word' id='word_1_336' title='bbox 846 4363 851 4374; x_wconf 87' lang='lat'><em>.</em></span> <span class='ocrx_word' id='word_1_337' title='bbox 871 4360 878 4373; x_wconf 91' lang='lat'>.</span> <span class='ocrx_word' id='word_1_338' title='bbox 897 4360 929 4374; x_wconf 93' lang='lat'>..</span> <span class='ocrx_word' id='word_1_339' title='bbox 1037 4322 1078 4373; x_wconf 79' lang='lat'>26.</span> <span class='ocrx_word' id='word_1_340' title='bbox 1106 4326 1143 4374; x_wconf 89' lang='lat' dir='ltr'>St.</span> <span class='ocrx_word' id='word_1_341' title='bbox 1166 4326 1233 4390; x_wconf 82' lang='lat' dir='ltr'>Aug.</span> <span class='ocrx_word' id='word_1_342' title='bbox 1258 4326 1331 4389; x_wconf 89' lang='lat' dir='ltr'>Opp.</span> 
     </span>
     <span class='ocr_line' id='line_1_49' title="bbox 345 4392 1138 4460; baseline -0.003 -14"><span class='ocrx_word' id='word_1_343' title='bbox 345 4410 409 4446; x_wconf 87' lang='lat' dir='ltr'>tom.</span> <span class='ocrx_word' id='word_1_344' title='bbox 430 4398 446 4457; x_wconf 93' lang='lat' dir='ltr'>l,</span> <span class='ocrx_word' id='word_1_345' title='bbox 465 4412 524 4459; x_wconf 69' lang='lat'>404.</span> <span class='ocrx_word' id='word_1_346' title='bbox 598 4397 638 4446; x_wconf 74' lang='lat'>35.</span> <span class='ocrx_word' id='word_1_347' title='bbox 657 4397 692 4444; x_wconf 83' lang='lat' dir='ltr'>St.</span> <span class='ocrx_word' id='word_1_348' title='bbox 713 4396 850 4460; x_wconf 78' lang='lat' dir='ltr'>Augustini</span> <span class='ocrx_word' id='word_1_349' title='bbox 871 4396 939 4459; x_wconf 91' lang='lat' dir='ltr'>Opp.</span> <span class='ocrx_word' id='word_1_350' title='bbox 959 4404 1022 4443; x_wconf 89' lang='lat' dir='ltr'>tom.</span> <span class='ocrx_word' id='word_1_351' title='bbox 1042 4394 1060 4455; x_wconf 92' lang='lat' dir='ltr'>l,</span> <span class='ocrx_word' id='word_1_352' title='bbox 1081 4392 1138 4454; x_wconf 79' lang='lat'><strong>378.</strong></span> 
     </span>
    </p>
   </div>
   <div class='ocr_carea' id='block_1_9' title="bbox 0 0 1570 5130">
    <p class='ocr_par' dir='ltr' id='par_1_13' title="bbox 0 0 1570 5130">
     <span class='ocr_line' id='line_1_50' title="bbox 0 0 1570 5130; baseline 0 0"><span class='ocrx_word' id='word_1_353' title='bbox 0 0 1570 5130; x_wconf 95' lang='lat' dir='ltr'> </span> 
     </span>
    </p>
   </div>
  </div>
 </body>
</html>
