3098 5130
170 479 238 524 ene.
253 466 372 548 xxxvi]
455 483 500 532 na
520 482 757 532 nn‘ttcnnts'to
778 484 841 532 mn.
861 484 878 532 t.

170 643 362 701 desolacionis
384 654 509 700 stantem
534 643 562 699 in
587 643 649 699 loco
672 654 773 699 sancto
795 653 821 698 et
837 643 934 698 omnia
951 661 1005 718 que
1021 643 1158 700 dicuntur

170 732 305 808 deinceps
337 732 423 810 signa
455 741 522 787 sunt
554 730 816 788 consummacionis
840 730 950 804 future
981 742 1010 787 et
1042 731 1158 788 uenturi

161 819 223 895 filii
237 819 296 876 Dei
316 819 366 895 qui
388 830 415 876 et
438 818 684 874 abominacionem
710 817 902 874 desolacionis
922 818 1015 895 ipsum
1033 819 1157 875 tradidit

169 907 387 964 Antichristum.
432 906 520 974 Quod
562 924 631 962 uero
673 916 716 962 est
743 916 888 962 staturum
926 917 993 962 ante
1029 924 1093 962 eum
1128 906 1155 961 in

144 994 233 1050 bloco
276 1004 377 1050 sancto
423 994 477 1049 hoc
523 993 625 1050 modo:
675 992 908 1068 Reedificaturus
952 1004 1003 1065 est,
1054 993 1154 1068 inquit,
1172 1004 1363 1065 Anticnnstwttt

168 1081 367 1137 sanctuarium
400 1081 478 1156 quod
498 1080 563 1154 suit
595 1080 623 1136 in
654 1079 851 1157 ierosolymis
885 1080 1031 1155 quondam
1062 1092 1089 1136 et
1118 1080 1158 1136 ibi
1199 1057 1341 1164 {ww

168 1179 308 1237 staturus,
342 1179 372 1224 ut
405 1168 533 1224 uidentes
555 1167 641 1223 Judei
669 1167 792 1223 credant
820 1166 848 1221 in
872 1185 949 1242 eum,
982 1186 1037 1224 non
1061 1168 1154 1224 solum
1198 1161 1334 1206 Jerusalem.

166 1267 291 1332 propter
328 1255 415 1332 signa
453 1254 513 1310 eius
550 1254 602 1310 sed
639 1254 729 1311 eciam
765 1265 891 1330 propter
933 1255 1154 1330 reparationem
1278 1253 1282 1261 '

167 1343 268 1419 templi
289 1342 378 1414 illius,
410 1342 575 1398 estimantes
603 1341 631 1396 in
659 1353 791 1417 tempore
819 1340 870 1397 illo
890 1341 1067 1418 prophecias
1095 1360 1156 1399 esse

128 1429 302 1506 toimpletas
335 1447 388 1505 que
421 1430 457 1485 de
489 1428 681 1504 reparacione
701 1427 865 1485 Jerusalem
892 1429 1156 1505 prophetaverunt,

167 1536 223 1572 non
246 1516 441 1594 intelligentes
463 1515 607 1590 qttomodo
628 1516 774 1592 propheta
798 1516 833 1571 de
849 1516 1041 1593 reparacione
1056 1517 1157 1592 templi

166 1603 329 1680 spiritualis
358 1603 494 1679 loquutus
517 1614 560 1660 est
586 1620 672 1677 quam
705 1601 841 1659 Christus
870 1602 1011 1679 impleuit,
1041 1621 1096 1660 non
1121 1605 1156 1659 de

167 1691 320 1768 corporali
350 1709 436 1766 quam
469 1691 665 1746 Antichristus
703 1700 744 1745 est
778 1688 960 1765 impleturus.
1007 1690 1047 1747 Et
1079 1701 1155 1762 tum,

166 1778 265 1853 inquit,
299 1777 467 1853 implebitur
496 1778 573 1853 quod
601 1776 792 1853 prophetavit
821 1777 965 1834 ieremias
996 1778 1024 1834 in
1051 1779 1154 1834 Ardea.

127 1878 154 1927 15
174 1866 299 1934 Quando
333 1884 388 1921 non
426 1865 625 1935 crediderunt,
670 1863 769 1939 inquit,
803 1863 930 1937 ueritati,
963 1865 991 1920 iu
1025 1877 1156 1942 tempore

166 1953 216 2008 illo
246 1953 379 2027 loquetur
399 1953 510 2029 populo
538 1952 604 2007 huic
629 1962 655 2008 et
677 1952 840 2007 Jerusalem
872 1952 899 2007 in
925 1953 1030 2029 spiritu
1054 1954 1154 2009 seduc-

166 2040 265 2096 cionis.
294 2040 352 2095 Hic
376 2039 513 2096 excitabit
536 2038 758 2096 tribulacionem
789 2057 880 2115 super
902 2050 1019 2096 sanctos
1039 2059 1098 2116 pro
1123 2058 1155 2096 eo

167 2129 244 2202 quod
267 2146 323 2183 non
346 2127 557 2205 glorificabunt
580 2144 644 2182 eum
669 2137 695 2182 et
719 2126 825 2182 multos
848 2126 968 2183 occidet.

211 2215 270 2271 Sed
286 2215 340 2270 boc
357 2215 392 2270 de
413 2215 468 2270 hac
490 2213 734 2289 interpretacione
750 2212 908 2269 dubitabile
924 2214 1013 2270 michi
1028 2214 1153 2285 videtur,

124 2301 191 2363 20si
222 2301 303 2357 locus
335 2301 438 2377 templi
467 2301 546 2359 t'llius
574 2317 613 2356 ex
645 2318 700 2374 quo
731 2300 860 2355 dirutum
889 2312 934 2359 est
962 2301 1019 2356 iam
1049 2320 1066 2356 a
1090 2303 1154 2358 Deo

162 2389 349 2464 postmodum
381 2399 498 2445 sanctus
531 2398 664 2459 uocatur,
695 2388 852 2444 secundum
886 2388 963 2461 qnod
1001 2388 1047 2444 hic
1070 2388 1154 2445 dicit:

170 2476 242 2531 Cum
261 2476 391 2532 videritis
406 2475 673 2532 abhominacionem
690 2474 882 2531 desolacionis
897 2485 1021 2531 stantem
1038 2475 1065 2531 in
1090 2476 1154 2532 loco

165 2575 275 2619 sancto.
301 2565 363 2619 Hec
388 2561 603 2623 crisostomus.

502 2782 607 2846 CAP.
631 2782 813 2846 XXXVI.

125 2942 154 2992 25
209 2933 285 2988 Cum
311 2929 449 2988 Christus
482 2927 610 3003 precipit
643 2926 673 2983 in
707 2930 764 2985 hoc
798 2941 893 2985 textu:
931 2929 989 2996 Qui
1016 2928 1088 3006 legit
1111 2927 1153 2983 in·
1170 2931 1215 2976 We
1229 2932 1312 2976 should
1328 2940 1363 3028 tp

166 3019 291 3095 telligat,
320 3018 423 3074 fideles
453 3018 560 3073 darent
588 3033 713 3089 operam
743 3017 782 3072 ad
811 3014 1042 3089 intelligendum
1073 3017 1153 3072 hunc
1171 2985 1336 3081 ωιᾞῖἒῗῖζῗῃ

167 3119 280 3162 textum
305 3103 452 3178 evangelii
476 3101 697 3176 supradictum,
731 3117 760 3159 et
785 3102 856 3160 hinc
880 3102 976 3160 sancti
1006 3115 1075 3160 ante
1099 3121 1153 3160 nos
1163 3089 1368 3186 Evetpipgppints

166 3193 196 3249 in
220 3191 277 3249 ista
306 3190 432 3248 materia
465 3203 527 3247 tam
553 3188 639 3247 anxie
663 3191 855 3263 laborarum3
892 3192 944 3246 sed
968 3209 1037 3247 cum
1061 3189 1153 3246 inter·
1177 3194 1318 3254 understand
1334 3194 1351 3237 it

166 3278 301 3355 pretacio
325 3284 369 3348 (ut
392 3291 476 3352 patet
492 3279 529 3334 de
545 3277 656 3351 loseph
678 3290 706 3334 et
727 3276 865 3351 Daniele)
891 3276 1062 3351 equivaleat
1085 3296 1153 3352 pro·
1232 3247 1297 3303 ¹⁰¹¹5'

124 3367 281 3442 3ophecie,
304 3364 466 3423 verisimile
483 3378 528 3422 est
544 3364 626 3438 quod
642 3365 743 3420 nullus
766 3382 871 3422 eorum
897 3366 984 3438 plene
1008 3363 1153 3422 intellexit

166 3454 256 3511 istum
290 3466 418 3523 textum3
457 3452 509 3508 sed
543 3470 598 3526 pro
632 3452 802 3510 excusanda
836 3451 1014 3526 ignorancia
1047 3470 1151 3508 eorum

166 3541 225 3598 dici
258 3553 358 3615 potest
382 3541 475 3615 quod,
509 3538 586 3595 sicut
619 3536 697 3612 ignis
730 3539 820 3595 habet
849 3537 1029 3596 naturaliter
1058 3541 1153 3596 multa

166 3629 251 3703 signa
285 3627 384 3702 ipsum
418 3625 616 3701 precedencia
650 3639 682 3682 ut
706 3625 839 3683 diversus
863 3627 975 3699 gradus
999 3626 1150 3683 fumorum

166 3729 194 3772 et
233 3714 291 3771 alia
324 3714 409 3788 signa
442 3712 529 3770 nobis
562 3712 726 3786 incognita,
765 3713 807 3770 sic
847 3715 901 3769 hec
938 3712 1152 3770 abhominacio

125 3817 154 3866 35
168 3801 379 3872 desolacionis,
404 3819 495 3875 quam
521 3818 553 3856 ex
583 3799 641 3855 fide
669 3799 870 3874 supponimus
894 3818 958 3857 esse
982 3815 1150 3874 presentem

166 3889 212 3945 vel
235 3890 378 3961 futuram,
407 3886 512 3944 habuit
538 3887 632 3943 multa
655 3886 750 3960 signa,
774 3906 904 3961 quorum
930 3888 1059 3962 quedam
1086 3887 1152 3962 qui·

167 3978 236 4034 dam
262 3975 359 4033 sancti
384 3986 599 4050 cognoverant,
624 3986 653 4031 et
669 3975 728 4031 alia
745 3976 825 4031 Deus
843 3973 1006 4049 reliquerat
1023 3974 1152 4050 posteris

215 4214 235 4257 3.
251 4215 321 4258 A=et
347 4213 437 4274 Ἰψῷ.
454 4213 578 4266 Βείρεαιη.
660 4227 683 4263 4·
698 4211 787 4255 codd:
805 4211 874 4270 Quod
887 4220 966 4253 uerum
1047 4238 1053 4250 .
1073 4211 1150 4249 autem

165 4279 224 4361 pap.
288 4278 310 4320 9.
326 4219 355 4308 X:
370 4277 449 4320 ipsius.
530 4261 861 4318 24A:Cap.XXXV(s1c).
942 4260 1149 4312 25.A1nmarg.:

180 4330 293 4362 oannes.

220 4444 242 4494 5.
262 4445 327 4493 Dan.
347 4442 388 4502 tx,
408 4443 449 4491 25.
508 4457 545 4504 ¹4·
564 4443 614 4491 ier.
634 4442 676 4502 1V,
700 4457 737 4502 ιι,
761 4455 798 4489 12.
