3098 5130
218 488 407 572 cunnus]
500 507 545 557 ou
566 506 802 558 auricurusro
822 508 886 557 ua.
906 508 923 557 1.
1367 513 1419 568 ¹7¹

262 670 299 723 Et
323 680 457 725 moveret
481 666 584 724 fideles
607 666 759 743 principes
784 681 875 744 atque
898 687 989 742 regna
1014 669 1095 743 quod
1119 670 1207 725 debet
1218 674 1296 720 When
1311 688 1428 736 populor

219 773 283 812 esse
307 753 393 829 quasi
425 772 533 829 perse
556 767 663 812 notum
688 754 828 812 fidelibus
855 756 937 831 quod
966 758 1038 812 dum
1062 755 1135 814 talia
1159 729 1422 837 ca-issiiiieihiieaii

220 842 282 916 pita
315 841 374 899 sint
414 841 546 899 heretica
575 843 621 900 vel
654 861 688 900 ex
712 861 814 900 errore
837 842 963 917 proprio
986 843 1033 900 vel
1057 861 1205 901 consensu
1247 833 1394 928 Wflgssfeg'm

220 949 280 987 non
304 942 374 986 sunt
390 929 548 987 actualiter
573 932 709 986 membra
733 929 858 987 ecclesie
878 931 946 987 Jesu
965 929 1076 987 Christi
1101 942 1130 988 et
1152 948 1207 1005 per
1361 917 1365 928 ¹

196 1020 409 1092 beonsequens
420 1015 513 1074 nichil
523 1016 638 1074 faciunt
654 1029 726 1074 tunc
743 1016 899 1074 meritorie
915 1018 953 1075 ad
970 1016 1206 1090 beatitudinem

221 1123 277 1163 nec
300 1122 369 1162 vere
393 1105 504 1161 habent
530 1103 653 1161 titulum
678 1105 716 1161 ad
740 1104 817 1161 iuste
845 1103 1026 1179 temporalia
1050 1104 1207 1180 possiden·

220 1193 303 1263 dum,
332 1204 365 1248 ut
389 1192 523 1248 declarat
546 1191 734 1265 Augustinus
757 1191 789 1247 in
813 1193 944 1267 quadam
969 1191 1096 1266 epistola
1125 1191 1208 1249 Arri·

220 1278 284 1336 anis
309 1292 338 1335 et
362 1280 527 1336 concordat
544 1278 627 1336 racio
652 1279 810 1353 cum'lege
834 1278 947 1353 papali.
971 1279 1042 1337 Ideo
1066 1280 1205 1353 pulcrum

220 1379 264 1423 est
302 1367 377 1423 tales
415 1379 512 1423 sectas
545 1384 578 1423 ex
606 1379 669 1422 tam
693 1365 838 1423 laudabili
872 1365 1047 1424 testimonio
1080 1380 1110 1423 et
1141 1367 1207 1441 lege

181 1453 345 1528 ropropria
370 1453 530 1512 confutari.
566 1452 772 1510 Periculosum
806 1452 928 1528 quidem
958 1453 1035 1511 foret
1058 1455 1205 1528 populum

220 1541 347 1598 adorare
380 1560 454 1615 pure
487 1558 595 1615 panem
629 1541 674 1596 vel
698 1540 875 1597 fasciculum
911 1538 1118 1598 accidencium
1143 1540 1208 1597 sine

218 1627 363 1699 subiecto,
388 1627 465 1685 sicut
482 1627 562 1684 dicte
579 1641 659 1685 secte
683 1627 814 1684 heretice
830 1627 1048 1701 dogmatizant,
1074 1641 1102 1684 et
1119 1627 1208 1685 nimis

219 1715 424 1789 periculosum
444 1715 519 1772 foret
535 1716 664 1771 adorare
680 1715 772 1772 talem
794 1733 906 1789 papam
930 1728 959 1772 et
984 1718 1021 1772 ab
1045 1734 1081 1772 eo
1106 1728 1208 1790 petere

219 1804 330 1876 pedum
364 1803 468 1860 oscula
493 1804 662 1874 beatorum,
696 1820 764 1858 cunr
799 1801 867 1859 talis
899 1802 1033 1877 prelatus
1065 1801 1104 1858 sit
1128 1804 1209 1877 apud

181 1889 354 1946 tidivinum
371 1888 518 1946 iudicium
543 1902 644 1946 tantus
669 1889 818 1946 hereticus
836 1889 1021 1947 manifestus.
1045 1892 1113 1946 Non
1137 1908 1208 1963 ergo

219 1991 288 2054 sunt
322 1976 543 2034 dissimulanda
581 1976 638 2034 ista
662 1995 678 2033 a
703 1976 823 2052 regibus
861 1989 890 2034 et
922 1976 1050 2034 seculari
1083 1977 1208 2034 brachio

220 2082 276 2121 nec
304 2083 322 2122 a
351 2063 468 2121 clericis
503 2063 554 2139 qui
587 2082 621 2121 ex
659 2063 719 2121 lide
757 2064 907 2138 scripture
938 2063 1077 2121 noverint
1110 2065 1207 2139 legem

220 2150 341 2209 Christi.
375 2153 436 2208 Nec
460 2150 586 2208 dubium
616 2150 690 2226 quin
714 2151 851 2208 Christus
874 2150 1089 2225 suffragabitur
1112 2151 1208 2208 fideli-

220 2240 275 2295 bus
309 2237 359 2312 pie
397 2238 606 2296 laborantibus
639 2238 670 2294 in
703 2236 761 2295 ista
795 2237 931 2309 materia,
965 2256 1033 2295 cuni
1067 2238 1208 2295 nonfuit

177 2344 209 2378 20
221 2325 347 2382 materia
372 2325 509 2400 martyrii
542 2325 609 2400 plus
645 2325 798 2386 laudandi.
836 2325 930 2400 Igitur
967 2344 1036 2382 cum
1061 2338 1146 2382 tauta
1170 2324 1216 2384 sit.

219 2413 300 2470 salus
339 2412 439 2470 anime
471 2426 500 2470 et
529 2413 641 2469 multus
674 2411 825 2486 proiectus
858 2412 1005 2491 corporis,
1037 2412 1109 2486 quia
1146 2412 1208 2469 lata
1231 2431 1342 2484 spiritual
1358 2432 1403 2475 anu

219 2499 355 2557 dominia
379 2499 574 2575 acquirenda,
599 2499 717 2557 videtur
734 2501 817 2575 quod
840 2498 967 2575 quilibet
992 2498 1088 2556 fidelis
1116 2518 1207 2575 prop·
1226 2484 1414 2580 cifflebggffissi

218 2601 264 2644 ter
285 2586 418 2662 primum
452 2586 624 2661 specialiter
650 2586 681 2643 in
704 2585 759 2644 ista
790 2585 917 2643 materia
945 2587 1106 2647 laboraret.
1140 2590 1208 2644 Non
1257 2590 1390 2645 suggested.

218 2687 319 2732 autem
358 2673 496 2749 queritur
533 2676 615 2750 quod
648 2673 715 2731 talis
748 2675 880 2749 prelatus
914 2676 950 2731 de
990 2673 1091 2749 aliqua
1125 2687 1207 2732 secta

175 2763 325 2826 25harum
350 2774 481 2837 quatuor
497 2761 664 2831 occidatur,
688 2762 740 2818 sed
758 2761 895 2837 queritur
918 2763 1000 2837 quod
1024 2760 1129 2818 fideles
1153 2780 1207 2836 per

219 2848 320 2906 media
343 2848 419 2906 levia
442 2862 573 2923 querunt
598 2868 614 2906 a
638 2849 756 2923 prelato
780 2848 954 2906 huiusmodi
980 2847 1050 2905 fidei
1074 2848 1207 2925 questio-

177 3010 178 3014 *
218 2954 298 3006 nem,
334 2949 362 2992 et
395 2937 547 2993 declarato
570 2938 653 3010 quod
682 2936 799 2993 laborat
822 2936 853 2993 in
881 2935 1059 2993 infidelitate
1084 2936 1129 2992 vel
1153 2936 1206 2993 ali-

219 3043 278 3098 quo
302 3041 352 3080 sex
374 3041 517 3097 generunt
554 3042 718 3081 consensus
751 3023 849 3081 heresi
878 3024 958 3098 quod
989 3042 1051 3081 non
1074 3023 1220 3098 amplius'

218 3112 255 3167 de
287 3109 374 3167 bonis
407 3111 491 3185 regni
529 3112 575 3168 vel
612 3110 710 3186 patrie
743 3126 813 3168 ante
852 3130 937 3168 suam
979 3110 1205 3169 correccionem

176 3199 383 3264 30secundum
408 3199 504 3273 legent
530 3198 652 3256 Domini
676 3211 871 3256 sustentetur.

566 3384 671 3449 CAP.
695 3385 847 3449 XLVII.

262 3528 395 3586 Medium
420 3543 521 3587 autem
546 3531 584 3587 ad
608 3533 799 3588 tractandum
824 3530 912 3588 istam
937 3530 1075 3588 tiriacam
1101 3545 1207 3588 contra
1251 3551 1323 3612 spme
1338 3557 1389 3610 true

219 3615 367 3673 hereticos
390 3631 548 3692 caperetur
571 3636 633 3674 non
656 3619 753 3675 solum
778 3636 812 3675 ex
835 3617 1040 3693 acquisicione
1063 3617 1205 3674 secularis
1229 3602 1404 3710 ,ῇζξῗζὲξζῆξ

219 3702 344 3760 dominii
382 3706 435 3761 sed
473 3704 644 3779 specialiter
676 3723 710 3762 ex
742 3705 838 3762 salute
870 3704 971 3762 anime
1008 3704 1205 3779 adquirenda.
1236 3706 1401 3801 uectaredueu

121 3813 186 3870 42²¹
219 3791 305 3847 Unde
316 3790 439 3867 quidam
458 3804 599 3865 putantes
616 3810 646 3848 se
663 3811 726 3850 esse
744 3791 846 3849 fideles
862 3795 1052 3867 presbyteros
1073 3788 1077 3870 Ι
1098 3793 1205 3848 nolunt
1223 3759 1414 3854 faiiiininsohiiim

219 3895 343 3934 monere
375 3878 515 3935 dominos
548 3879 593 3935 vel
625 3880 767 3953 prelatos,
807 3893 839 3935 ut
871 3879 902 3935 in
934 3877 1057 3937 nomine
1082 3878 1204 3936 Domini
1233 3864 1405 3971 ¹²¹ssgsp⁸e¹n⁰nflh⁶

217 3965 411 4022 consenciant
434 3983 486 4023 sue
509 3965 565 4036 vie,
599 3980 763 4041 antequam
796 3965 838 4024 eis
866 3964 1089 4041 publicaverint
1114 3965 1203 4023 fidem
1275 3968 1362 4012 others.

217 4069 313 4108 suam.
347 4055 384 4109 Et
411 4052 481 4110 hinc
504 4052 690 4127 scripserunt
714 4053 803 4111 fidem
834 4053 915 4112 illam
942 4057 1083 4111 Romano
1108 4053 1205 4128 ponti-

217 4138 276 4211 fici,
310 4139 453 4215 episcopo
478 4140 635 4198 Lincolnie
658 4155 687 4198 et
720 4141 826 4199 ceteris
850 4141 981 4198 dominis
1015 4140 1205 4199 secularibus

273 4345 293 4387 7.
309 4334 330 4376 A
345 4333 368 4376 in
384 4345 470 4388 marg.:
485 4333 637 4391 Augustinus.
691 4332 711 4377 31
736 4335 769 4377 A:
786 4333 843 4389 Cap.
859 4333 937 4377 XLVI.

273 4440 313 4492 38.
334 4441 373 4490 Cf.
394 4442 468 4491 Fasc.
488 4443 536 4491 ziz.
555 4458 613 4508 pag.
635 4444 695 4506 341.
