3098 5130
579 488 703 538 oreris
722 488 934 537 evasoetrcr
956 488 1019 537 tre.
1039 488 1083 538 ιν.
1188 469 1271 552 [cae.
1287 481 1328 524 ιιι.

339 648 481 705 divinitas
505 647 617 705 Christi
641 667 732 723 quam
758 648 821 705 eius
856 648 1028 705 humanitas
1060 648 1214 723 originem
1247 650 1328 708 istud

340 735 475 792 notabile
499 735 714 803 iuramentum,
739 738 791 791 sed
815 736 897 810 quod
923 737 980 792 hoc
1011 735 1217 793 iuramentum
1251 757 1329 793 nun-

340 842 431 898 quam
457 824 600 880 asseritur
618 822 673 878 nisi
691 824 814 897 quando
837 823 974 898 sequitur
998 823 1107 881 veritas
1134 826 1329 893 annotanda;

341 930 409 968 cum
440 924 540 967 autem
567 911 625 966 hoc
650 911 827 966 mandatum
852 909 965 967 Christi
997 912 1035 966 de
1068 912 1188 968 locione
1214 914 1326 985 pedum

342 998 378 1053 sit
404 997 542 1054 fidelibus
565 1011 682 1054 tantum
708 997 851 1066 notabile,
877 1011 909 1053 ut
933 997 1069 1055 Christus
1097 997 1244 1073 exprimat
1265 998 1355 1056 eiust

343 1099 457 1153 notam,
482 1085 524 1141 sic
548 1084 663 1159 arguit:
697 1086 763 1142 Non
788 1099 832 1142 est
856 1103 958 1141 serrus
982 1086 1027 1141 vel
1051 1086 1207 1159 apostolus
1233 1085 1331 1143 maior

342 1193 396 1229 suo
420 1171 546 1229 domino
579 1173 624 1228 vel
649 1171 796 1242 mittente,
830 1174 881 1228 sed
913 1190 1019 1228 omnes
1053 1173 1181 1247 apostoli
1215 1173 1328 1231 Christi

342 1273 410 1316 sunt
435 1259 498 1316 eius
522 1259 599 1316 servi
623 1273 652 1314 et
677 1262 714 1315 ab
738 1278 774 1316 eo
799 1259 880 1316 missi
917 1272 949 1315 ut
973 1277 1005 1315 ex
1039 1259 1098 1316 fide
1130 1261 1329 1335 supponitur:

343 1366 415 1421 ergo
438 1365 545 1403 omnes
578 1344 620 1402 illi
652 1360 682 1402 et
714 1365 768 1420 per
799 1364 987 1421 consequens
1020 1346 1083 1403 eius
1117 1347 1274 1404 inferiores
1299 1348 1329 1405 in

343 1435 446 1491 divino
470 1432 583 1490 iudicio
607 1446 675 1489 sunt
700 1433 848 1490 subdendi
873 1433 921 1490 isti
945 1433 1028 1508 operi
1054 1434 1226 1492 Salvatoris.
1252 1437 1329 1492 Cum
1347 1454 1377 1487 10

344 1541 415 1595 ergo
440 1519 575 1579 Christus
599 1533 660 1576 tam
686 1520 842 1594 signanter
865 1521 894 1577 in
920 1539 1049 1594 persona
1072 1522 1194 1597 propria
1220 1522 1331 1580 fecerat

344 1609 422 1666 istud
455 1627 541 1682 opus,
574 1625 679 1665 omnes
703 1608 859 1665 christiani
892 1610 1002 1665 debent
1034 1607 1113 1665 istud
1138 1609 1236 1666 facere
1259 1627 1331 1667 con·

344 1709 514 1771 sequenter.
539 1697 575 1750 Et
599 1696 780 1769 supponitur
805 1696 878 1752 fides
902 1695 1049 1769 assumpti
1074 1709 1231 1771 tamquam
1248 1696 1331 1771 prin·

345 1783 457 1858 cipium
485 1800 537 1856 per
560 1801 592 1840 se
615 1796 732 1839 notum.
766 1786 803 1839 Et
826 1782 894 1839 ideo
918 1782 1073 1858 signanter
1096 1782 1169 1840 dicit
1193 1785 1332 1842 Christus

345 1869 517 1928 christianis
541 1869 736 1942 generaliter:
761 1871 792 1927 Si
810 1871 865 1926 bec
881 1869 963 1927 scitis
980 1870 1010 1927 in
1027 1869 1161 1944 practica
1177 1870 1332 1928 fructuose
1348 1873 1376 1923 15

345 1957 515 2015 doctrinam
540 1959 578 2013 ad
602 1975 727 2032 operam
752 1956 945 2032 applicando,
970 1957 1050 2014 beati
1084 1956 1167 2014 eritis
1199 1958 1223 2014 si
1248 1977 1331 2015 com-

347 2043 501 2122 pleveritis
525 2046 632 2102 horum
659 2045 780 2101 fructus.

135 2145 331 2192 triturentur·
390 2133 529 2190 Secunda
553 2145 625 2189 nota
663 2144 760 2188 textus
790 2129 954 2204 evangelici
988 2144 1033 2187 est
1061 2132 1098 2187 de
1131 2130 1333 2188 distinccione

160 2201 186 2245 of
199 2199 305 2243 electiori.

347 2219 507 2279 eleccionis
540 2220 759 2294 apostolorum.
793 2218 932 2291 Aliquem
967 2217 1045 2274 enim
1081 2217 1163 2292 eligit
1195 2218 1334 2277 Christus

348 2311 385 2367 ad
410 2308 614 2382 apostolatum
648 2307 745 2363 solum
772 2326 827 2380 pro
859 2305 960 2362 officio
985 2305 1033 2362 hic
1057 2304 1087 2360 in
1111 2305 1168 2373 via,
1193 2320 1226 2362 ut
1250 2317 1378 2379 patetro

348 2399 384 2454 de
408 2394 558 2463 Scarioth‚
598 2407 627 2451 et
651 2393 783 2467 aliquem
817 2396 855 2450 ad
879 2391 1140 2449 beatificacionem
1165 2392 1195 2448 in
1224 2391 1335 2467 patria,

135 2496 331 2543 heninchouen
348 2496 381 2540 ut
405 2495 487 2556 patet
512 2484 548 2538 de
564 2480 724 2538 duodecim
753 2479 899 2554 apostolis
926 2494 1024 2554 preter
1041 2479 1151 2553 ipsum.
1177 2481 1246 2536 ldeo
1264 2498 1332 2536 cum

165 2554 202 2596 for
216 2564 228 2593 ιι
243 2548 303 2603 good

178 2614 287 2661 prrrpore.

158 3982 225 4024 l'rrrrrl
243 3986 264 4023 ul
282 3979 318 4021 flu·

167 4035 271 4075 ιΙιιι-ιιιιιι·
287 4038 308 4071 ιιι

176 4092 288 4127 uerrunt

349 2569 487 2629 Christus
510 2569 581 2626 facit
605 2568 654 2625 hic
679 2568 868 2624 mencionem
895 2568 930 2622 de
956 2565 1152 2637 beatitudine,
1181 2566 1335 2641 signanter

349 2657 397 2715 bic
423 2655 525 2713 inserit
543 2656 629 2713 istam
650 2655 832 2712 eleccionem
858 2655 896 2710 ad
922 2653 1137 2711 beatitudinem
1160 2653 1335 2713 limitatam.

393 2747 428 2801 Et
452 2757 534 2819 patet
558 2746 638 2817 quod
664 2762 725 2799 non
749 2757 793 2799 est
816 2741 1020 2815 repugnancia
1045 2740 1074 2796 in
1100 2741 1256 2816 evangelio
1281 2742 1333 2797 sed
1347 2744 1379 2794 25

348 2831 490 2890 notabilis
514 2829 728 2888 conveniencia
764 2829 991 2902 complexenda.
1027 2831 1087 2884 Nec
1111 2828 1237 2885 dubium
1261 2829 1335 2903 quin

349 2919 461 2977 eleccio
479 2917 617 2976 Scuriotb
634 2917 689 2974 fuit
707 2917 794 2985 iusta,
819 2935 886 2973 cum
909 2929 1025 2972 tantum
1053 2915 1178 2989 profecit
1199 2915 1335 2986 ecclesie,

349 3006 514 3081 aliquando
531 3005 644 3062 directe
661 3020 692 3060 ut
711 3004 834 3061 ferendo
845 3004 960 3059 loculos
972 3016 1000 3059 et
1012 3001 1070 3059 alia
1084 3001 1249 3060 ministeria
1262 3021 1335 3076 apo·

349 3093 454 3150 stolica
468 3091 598 3167 plurima
609 3091 748 3149 faciendo
768 3104 796 3147 et
808 3091 973 3165 aliquando
984 3088 1138 3166 indirecte,
1158 3103 1190 3146 ut
1207 3089 1336 3145 furando

350 3179 521 3255 pecuniam,
540 3181 698 3254 prodendo
716 3177 881 3235 Dominum
900 3191 928 3233 et
945 3195 1015 3234 suos
1037 3178 1152 3233 futuros
1170 3175 1336 3251 discipulos
1348 3180 1381 3230 30

350 3267 558 3341 exemplando.
606 3266 742 3323 Christus
781 3279 882 3322 autem
921 3263 1040 3321 videtur
1077 3262 1157 3320 aliud
1201 3262 1336 3321 notabile

350 3352 507 3429 explicare,
547 3372 614 3411 cum
640 3353 713 3410 dicit
737 3351 887 3410 Scariothi
911 3353 947 3408 ad
975 3354 1031 3407 boc
1054 3349 1200 3425 proficere
1225 3364 1256 3407 ut
1280 3350 1336 3408 im·

352 3443 469 3517 plentur
501 3440 649 3516 scriptura
675 3439 785 3498 Psalmi
818 3441 869 3496 XL
901 3437 974 3495 dicti
1003 3440 1039 3494 de
1063 3437 1184 3495 Cbristo
1217 3451 1245 3495 et
1274 3437 1336 3492 suis

351 3528 506 3604 discipulis
545 3531 627 3604 quud
667 3527 805 3603 proditor
844 3525 894 3601 qui
934 3527 1041 3582 edebat
1074 3544 1182 3598 panem
1213 3524 1335 3592 Christi,

351 3619 430 3691 quod
450 3616 636 3690 Augustinus
660 3615 777 3672 ridetur
795 3613 959 3688 intelligere
979 3615 1015 3668 de
1034 3611 1211 3684 Eucaristia,
1237 3611 1333 3685 ipsum
1348 3613 1380 3663 35

351 3704 503 3761 Christum
544 3703 710 3778 proditorie
748 3700 939 3760 conculcabit
986 3714 1013 3757 et
1059 3698 1130 3755 hinc
1168 3700 1333 3756 secundum

352 3790 553 3863 drrgtrstiuum
579 3791 716 3848 Christus
742 3789 770 3846 in
796 3787 951 3862 evangelio
975 3785 1128 3861 specificat
1158 3789 1239 3861 quod
1273 3785 1336 3860 ipse

352 3893 392 3934 est
420 3880 456 3935 de
480 3898 540 3953 quo
564 3878 696 3953 loquitur
721 3876 768 3934 lric
791 3876 950 3950 scriptura.

397 3968 430 4021 tu
456 3985 488 4022 es
508 3968 564 4022 lruc
583 3966 684 4022 lideles
701 3964 823 4021 eliciunt
841 3963 963 4019 terciam
983 3975 1098 4031 notam,
1121 3959 1233 4017 scilicet
1253 3961 1335 4033 quod

352 4053 454 4109 numia
472 4072 530 4129 que
543 4053 678 4110 evenient
690 4053 726 4109 de
739 4049 917 4108 necessitate
933 4048 1086 4117 evenient;
1098 4047 1169 4123 quia
1179 4046 1336 4123 supposito
1345 4067 1381 4114 40

407 4332 619 4427 rrumlprnrrrr
680 4332 875 4375 bilrrelderst.
945 4330 1192 4382 rsrtinmargaa.
1257 4328 1334 4370 aaliz

352 4396 380 4427 ur·
397 4385 423 4427 ll
439 4391 521 4445 aporia
532 4385 557 4427 ιἰ,
650 4398 674 4435 ιιι
704 4386 722 4427 :l
736 4397 757 4426 ιιι
770 4397 855 4436 rung:
871 4395 889 4436 ¹3·
908 4384 971 4439 quiid
984 4383 1063 4424 ‹nnrrr'rr
1079 4394 1123 4437 que
1137 4381 1245 4423 evenient
1257 4392 1335 4423 necee-

353 4449 418 4480 mrur
433 4444 537 4481 ereuterrl
