3098 5130
96 491 163 535 car.
179 477 254 563 uu]
383 497 428 548 os.
447 497 685 550 nnrtcnatsro
706 500 768 549 uu.
789 500 807 550 1.

96 659 277 715 concludere
315 661 352 715 de
390 678 573 734 quocunque
605 674 685 718 statu
718 662 763 718 vel
796 679 925 734 persona
958 662 1085 719 ecclesie

97 745 265 803 militantis,

138 832 211 890 Tria
245 848 346 891 autem
376 836 465 891 docet
490 834 637 892 Dominus
670 854 687 892 a
717 834 855 892 fidelibus
878 837 1085 909 ponderanda,
1114 855 1285 918 noscequtns

97 920 210 978 scilicet
248 919 404 990 iudicium,
446 921 685 979 misericordiam
726 936 754 979 et
793 923 899 993 fidem3
939 923 1083 980 iudicium
1108 909 1289 1013 ᾖξ’ζξξυῐὴὲζζξζζ

71 1010 179 1081 §quod
214 1008 369 1066 caritative
402 1011 469 1084 plus
503 1008 630 1083 diligant
663 1011 731 1084 plus
760 1012 937 1067 amandum.
972 1013 1004 1067 ln
1028 1012 1085 1067 hoc
1136 995 1262 1057 instanti.

97 1095 176 1151 enim
211 1096 348 1153 consistit
381 1098 531 1154 rectitudo
559 1096 665 1153 iudicii
694 1110 723 1154 et
747 1116 802 1172 per
824 1097 888 1154 eius
911 1097 1085 1173 oppositum

97 1201 114 1238 a
145 1181 224 1238 iusto
256 1182 369 1240 iudicio
402 1183 581 1242 declinatur.
614 1187 651 1240 Et
684 1184 821 1259 intelligo
854 1203 907 1259 per
940 1184 1083 1242 iudicium

97 1271 178 1344 quod
203 1283 247 1326 est
271 1289 433 1328 commune
457 1271 540 1328 omni
564 1271 694 1344 homini,
718 1270 796 1328 sicut
819 1290 924 1329 omnes
948 1272 1085 1329 homines

97 1357 121 1412 si
155 1357 264 1414 salvari
296 1358 457 1429 voluerint,
490 1376 614 1415 necesse
647 1372 691 1415 est
721 1360 831 1416 habere
855 1360 915 1416 tale
939 1359 1085 1416 iudicium

56 1444 268 1502 rovoluntatis.
293 1446 345 1502 llle
369 1460 471 1503 autem
495 1445 546 1521 qui
571 1459 673 1520 sperat
697 1447 778 1521 quod
801 1445 832 1503 in
864 1445 947 1503 finali
972 1446 1086 1504 iudicio

97 1531 160 1588 cius
192 1550 286 1607 opera
321 1552 374 1607 per
406 1533 473 1590 illos
497 1533 549 1607 qui
583 1533 648 1608 ipsa
672 1533 844 1608 percipiunt
876 1536 1085 1603 ostendentur,

98 1618 286 1677 miserebitur
317 1619 363 1676 sui
396 1620 489 1695 ipsius
522 1633 551 1677 et
575 1620 703 1694 proximi
732 1619 833 1678 taliter
861 1623 1027 1695 operando,
1056 1634 1085 1678 et

98 1705 140 1761 illi
173 1707 224 1781 qui
260 1708 391 1764 habeant
424 1707 513 1764 fidem
547 1709 584 1764 de
612 1707 695 1764 finali
725 1707 930 1766 retribucione
953 1707 1085 1766 hominis

97 1796 263 1850 secundum
297 1794 446 1851 iusticiam
480 1796 526 1852 vel
551 1795 733 1852 iniusticiam
764 1814 817 1852 sue
849 1795 908 1852 vite
938 1798 1085 1853 cavebunt

57 1889 114 1939 ria
139 1881 249 1938 talibus
273 1881 411 1938 avariciis
435 1882 465 1939 in
490 1882 636 1956 regimine
660 1881 862 1940 subditorum.

140 1971 320 2042 leronymus
358 1982 459 2025 autem
494 1987 583 2044 super
616 1969 674 2026 isto
707 1972 797 2027 verbo
830 1970 1005 2044 evangelico
1044 1969 1085 2026 ita

98 2055 215 2111 scribit:
241 2057 337 2112 Multa
361 2057 389 2111 in
413 2057 479 2134 lege
498 2066 637 2132 precepta
665 2069 732 2113 snnt
754 2076 809 2132 qne
831 2058 907 2133 tipus
927 2057 1085 2132 preferant

99 2142 287 2216 suturarum.
328 2143 394 2199 Alia
430 2162 499 2199 vero
537 2155 640 2218 aperta
672 2155 738 2199 sunt
776 2145 859 2200 iuxta
898 2144 1084 2200 Psalmistam

98 2228 254 2286 dicentem:
281 2231 455 2286 Mandatum
486 2231 605 2286 Domini
629 2231 755 2286 lucidum
783 2231 950 2286 illuminans
973 2232 1088 2299 oculos,·

52 2334 152 2391 eoque
166 2318 264 2374 statim
286 2336 376 2393 opera
398 2318 579 2385 desiderant,·
605 2319 686 2374 verbi
699 2318 804 2395 gracia
826 2336 881 2374 non
897 2318 1086 2389 adulterabis,

101 2422 155 2458 non
172 2405 293 2479 furtum
305 2406 413 2480 socies,
438 2423 493 2460 non
511 2405 704 2461 testimoninm
713 2406 829 2479 salsum
847 2404 934 2464 dices.
952 2405 1089 2461 Pitarisei

101 2502 195 2547 autem
229 2493 295 2566 qnia
327 2503 501 2568 preceperat
525 2492 670 2548 Dominus
702 2488 748 2570 (nt
780 2491 895 2547 interim
926 2492 1087 2548 intellectus

101 2579 244 2657 rreusrsticos
279 2580 471 2654 dimittamus)
502 2592 628 2656 propter
654 2579 824 2637 alimoniam
848 2579 1035 2634 sacerdotnm
1060 2591 1087 2634 et

100 2665 281 2735 Levitarnm,
315 2685 438 2742 qnorum
459 2684 533 2742 pars
564 2678 628 2723 erat
652 2667 806 2739 Dominus,
834 2665 960 2722 omnium
985 2684 1085 2721 rerum

57 2753 127 2811 alin
152 2753 258 2828 templo
283 2754 387 2828 offerri
410 2754 547 2821 decimas,
577 2756 631 2810 hoc
654 2772 740 2809 unum
765 2755 907 2809 habehant
933 2753 1033 2825 studii,
1056 2765 1087 2808 ut

98 2857 152 2914 que
183 2841 260 2896 iussa
286 2841 414 2915 juerant
446 2851 712 2915 comportarentur,
751 2851 847 2897 cetera
879 2859 933 2916 que
971 2840 1086 2896 maiora

98 2937 181 2982 erant
218 2938 315 2983 utrum
349 2928 412 3004 quis
436 2929 556 3003 faceret
587 2947 624 2984 an
653 2946 718 2998 non,
744 2927 1005 3003 parvipendebant.
1036 2926 1086 2982 Ex

99 3013 152 3069 lroc
183 3014 279 3089 itaque
310 3015 436 3089 capitulo
469 3015 572 3092 argatit
603 3033 651 3071 eos
687 3015 816 3072 avaricie
846 3014 924 3090 quod
957 3014 1087 3071 studiose

99 3100 188 3156 eciam
229 3102 326 3157 vilium
360 3102 472 3157 olerum
512 3102 641 3158 decimas
672 3103 796 3179 exigant
828 3114 855 3158 et
887 3101 1024 3158 iudicium
1057 3102 1085 3156 in

58 3188 310 3263 ,todisceptacione
337 3189 536 3266 negociorum,
566 3189 856 3265 misericordiamque
883 3188 910 3244 in
939 3207 1086 3265 pauperes

96 3275 224 3350 pupillos
257 3287 283 3331 et
317 3276 421 3333 viduas
452 3287 479 3332 et
502 3277 597 3354 fidem
631 3277 658 3331 in
683 3277 777 3332 Deum
810 3294 864 3351 que
887 3295 997 3353 magna
1021 3287 1086 3331 sunt

97 3363 326 3436 pretermittant.

144 3450 240 3506 Duces
256 3451 315 3507 ceci
330 3451 499 3507 escolantes
515 3451 633 3507 culicem
651 3451 792 3507 camelum
804 3461 900 3506 autern
915 3450 1084 3527 glucientes.
1109 3476 1159 3518 Tne
1173 3481 1227 3529 guar
1242 3475 1287 3517 ana

103 3536 252 3592 Camelum
282 3549 353 3612 pnto
385 3556 447 3594 esse
478 3539 635 3594 secundum
667 3556 781 3594 sensum
811 3537 957 3612 presentis
980 3537 1037 3592 loci
1059 3549 1086 3593 et
1131 3528 1264 3570 ¹h²⁰²¹¹¹¹⁰l

58 3625 329 3700 35ntagnitudinern
361 3636 567 3701 preceptorum
591 3625 726 3680 iudicium
751 3637 779 3681 et
802 3624 1035 3680 miscricordiam
1059 3635 1085 3678 et

99 3711 204 3786 fidem,
229 3713 347 3768 culicem
371 3724 467 3768 antem
493 3712 620 3768 decimas
643 3712 758 3767 menthe
779 3723 806 3768 et
821 3711 920 3767 anethi
934 3722 960 3766 et
976 3710 1089 3788 cymini

100 3809 127 3852 et
151 3799 329 3875 reliquorum
356 3799 454 3854 vilinrn
479 3799 601 3855 olerum.
626 3799 689 3854 Hec
713 3810 815 3854 contra
836 3808 1007 3873 preceptum
1031 3797 1089 3852 Dei

100 3902 154 3958 que
177 3905 284 3963 magna
307 3898 374 3942 sunt
398 3887 574 3942 devoramus
589 3897 675 3961 atque
692 3886 870 3964 negligimus
883 3896 910 3941 et
926 3883 1086 3960 opinionem

154 4205 174 4246 7.
190 4193 224 4235 A:
237 4204 281 4247 per
296 4192 372 4239 deest:
388 4192 404 4235 ll
419 4192 442 4235 in
458 4202 508 4234 mar
526 4202 543 4232 .:
559 4190 632 4233 addit.
699 4188 727 4232 13.
742 4192 778 4233 A:
793 4191 836 4245 qui
847 4190 939 4234 liabent.
1008 4189 1036 4232 15.
1051 4191 1085 4232 A:

105 4244 223 4299 CapXV.
272 4245 481 4296 studiumve:
510 4255 642 4296 eronymus.
684 4242 909 4286 intutnotexta.
964 4242 1086 4287 21.22.lt:

103 4302 126 4338 et
140 4309 189 4339 cnm
202 4297 309 4350 pltarr'sei
322 4297 466 4339 audivissent
480 4296 536 4351 quia
550 4300 698 4350 preceperat.
767 4306 800 4338 22.
817 4295 845 4336 tt:
861 4299 885 4337 nt
900 4295 970 4337 deest.

159 4438 197 4487 iti.
218 4441 322 4487 Comm.
343 4441 368 4487 in
387 4439 477 4488 Mattlr.
498 4440 514 4487 l.
534 4455 555 4486 c.
575 4455 599 4503 p.
624 4442 678 4502 ¹⁸7·
767 4437 804 4485 18.
824 4437 919 4485 Psalm.
939 4435 1028 4495 XVlll,
1053 4454 1077 4501 n.
