3098 5130
577 491 667 542 orus
686 493 937 543 arumnicum
959 493 1023 545 tan.
1042 493 1083 543 nt.
1134 474 1218 558 [cat.
1234 488 1332 533 tatur.

340 652 382 709 sic
407 650 479 725 ipsis
504 650 635 708 instituit
659 667 687 710 et
711 653 827 726 eligunt
850 653 905 709 sibi
931 653 1159 711 ordinacionem
1184 666 1215 710 et
1238 672 1333 728 regu-

341 741 401 797 lam
426 756 533 794 novam
559 739 713 812 putridam
739 754 768 796 et
793 742 966 798 mardosam
991 760 1082 815 quam
1107 754 1232 815 oportet
1255 758 1333 798 suos

341 824 580 884 obedienciarios
604 829 713 884 ducere
738 829 776 883 ad
800 828 976 891 iehmnam:
1010 828 1079 885 ideo
1102 829 1259 902 signanter
1283 828 1333 885 in·

341 914 411 970 serit
437 915 533 969 Lucas
557 915 631 984 xm,
658 933 695 991 27
722 914 751 971 in
777 914 833 971 ista
857 916 1002 989 parabola
1027 916 1083 972 ista
1107 918 1212 973 rerba:
1240 916 1333 972 Cives

340 1013 435 1058 aulem
452 1001 512 1056 eius
528 1003 652 1057 oderant
668 1020 732 1058 eum
756 1013 784 1057 el
807 1003 948 1060 miserunt
965 1003 1144 1081 legacionem
1158 1014 1226 1079 post
1242 1003 1358 1058 illumi

341 1090 483 1146 dicentes:
515 1087 660 1144 Nolumus
683 1091 758 1147 hunc
782 1108 912 1167 regnare
933 1109 1024 1167 super
1046 1108 1105 1146 rios.
1136 1090 1221 1147 Sicut
1244 1089 1330 1147 euim

340 1175 426 1233 Judei
451 1176 568 1231 fuerant
592 1175 671 1232 cives
689 1176 813 1247 Christi,
837 1177 909 1251 quia
930 1178 1059 1252 populus
1083 1177 1147 1234 eius
1164 1176 1333 1251 peculiaris

342 1263 420 1321 inter
454 1279 531 1337 quos
555 1262 693 1319 Christus
717 1263 805 1337 elegit
829 1264 983 1338 regionem
1014 1264 1102 1322 istam
1127 1263 1332 1338 longinquam

342 1351 486 1409 incolere.
525 1347 567 1405 sic
601 1364 669 1423 post
702 1350 909 1409 ascensionem
944 1351 1056 1409 Christi
1091 1352 1266 1409 sacerdotes
1300 1364 1334 1407 et

342 1437 448 1513 prelati
478 1449 547 1491 sunt
581 1436 753 1510 specialiter
786 1437 866 1495 cives
890 1439 1017 1514 Christi;
1056 1439 1125 1496 ideo
1157 1452 1267 1495 vocant
1297 1456 1334 1494 se
1348 1458 1381 1492 ιο

342 1525 477 1589 clericos,
510 1525 566 1578 hoc
591 1537 644 1581 est.
678 1529 715 1582 de
739 1540 819 1582 sorte
843 1528 890 1583 rel
914 1527 1103 1600 possessione
1127 1525 1181 1583 Dei
1205 1539 1234 1581 et
1258 1543 1332 1599 par-

341 1613 534 1686 vipendentes
564 1611 719 1684 spirituale
743 1616 856 1670 donum
881 1617 963 1689 quod
987 1626 1032 1671 est
1056 1613 1174 1683 melius,
1212 1612 1333 1687 ample·

342 1713 450 1755 santur
474 1711 606 1755 stercora
632 1715 773 1758 vocantes
807 1700 872 1774 ipsa
896 1701 1114 1776 patrimonium
1140 1698 1274 1757 crucifixi
1301 1713 1332 1756 et

343 1786 534 1843 considerata
558 1786 681 1844 racione
705 1789 864 1863 perspicua
888 1808 950 1845 non
981 1803 1023 1845 est
1047 1787 1150 1864 aliqua
1173 1805 1246 1861 gens
1270 1805 1334 1860 que

132 1875 409 1948 tvortdtinessor·plus
434 1875 517 1930 odiat
541 1873 698 1931 dominum
723 1880 825 1933 lesum
844 1876 1010 1947 Christum,
1035 1875 1106 1951 quia
1130 1876 1197 1950 plus
1220 1873 1333 1930 odiunt
1348 1880 1379 1930 15
1447 1906 1450 1911 ·

186 1947 280 1996 priests.
342 1961 435 2017 sitam
469 1962 737 2034 exproprietariam
781 1984 872 2038 quam
913 1963 1050 2020 Christus
1085 1963 1197 2019 vixerat
1235 1979 1331 2035 quam

342 2048 448 2105 odiunt
466 2047 581 2104 domini
603 2051 762 2123 seculares,
787 2051 816 2108 in
843 2064 960 2109 tantum
981 2053 1063 2125 quod
1087 2048 1168 2106 fideli
1191 2049 1237 2105 vel
1261 2066 1334 2122 pro·

344 2137 490 2193 functorie
508 2138 652 2193 suadente
677 2140 758 2211 quod
780 2138 881 2196 clerici
898 2139 927 2194 in
954 2152 1101 2213 quantum
1119 2137 1194 2193 tales
1216 2137 1334 2191 debent

343 2223 385 2280 sic
408 2223 517 2291 rivere,
547 2238 707 2296 propterea
733 2225 840 2283 odiunt
864 2225 963 2299 ipsum
989 2224 1133 2301 precipue
1156 2236 1185 2280 ct
1209 2221 1334 2295 conspi-

344 2325 412 2367 rant
436 2311 466 2366 in
491 2325 619 2367 mortem
646 2312 717 2379 eius,
758 2312 953 2388 disponentes
978 2312 1077 2369 media
1102 2327 1237 2386 perque
1261 2308 1334 2365 talis
1346 2330 1381 2364 20

344 2397 517 2473 quicunque
541 2400 579 2454 ab
602 2399 791 2459 Antichristo
816 2400 912 2473 magis
936 2399 1101 2476 ypocritice
1125 2397 1332 2471 extinguatur.

343 2485 489 2542 Miserunt
513 2499 613 2542 autem
640 2489 825 2559 legacionem
850 2501 917 2564 post
942 2506 1021 2558 eum,
1046 2486 1116 2561 quia
1139 2497 1207 2560 post
1230 2482 1332 2558 publi-

344 2572 497 2629 cacionem
516 2574 661 2647 evangelii
682 2576 870 2633 admiserunt
888 2576 984 2632 bullas
1000 2574 1124 2649 papales
1141 2585 1170 2629 et
1186 2571 1333 2646 epistolas

343 2661 530 2731 Antichristi,
557 2675 589 2716 ut
607 2675 689 2734 patet
713 2682 745 2719 er
770 2664 972 2720 decretalibus
996 2675 1024 2718 et
1048 2660 1115 2717 aliis
1138 2659 1254 2734 legibus
1278 2677 1333 2732 pa-

345 2747 463 2821 palibus
495 2747 674 2805 sonantibus
699 2749 728 2805 in
754 2751 946 2808 dotacionem
981 2748 1106 2806 ecclesie
1138 2760 1167 2803 et
1191 2744 1378 2802 iurisdic-25

127 2862 193 2916 Ther
208 2860 328 2915 disregara
345 2834 461 2891 cionem
502 2850 608 2892 contra
643 2837 806 2893 Dominum
847 2849 1035 2910 usurpatam.
1082 2837 1118 2891 Et
1151 2833 1193 2889 sic
1226 2831 1333 2889 dicunt

147 2912 314 2959 Chsi⁵¹'⁵'³w·
344 2921 434 2977 nimis
460 2924 532 2979 reali
562 2924 684 2979 effectu:
720 2926 865 2980 Nolumus
889 2926 963 2980 huuc
995 2941 1124 2999 regnare
1156 2937 1332 2996 supernos,

345 3008 414 3084 quia
440 3028 508 3066 cum
534 3010 612 3066 idem
639 3011 675 3067 sit
701 3030 801 3085 regem
819 3012 945 3086 diligere
968 3029 1003 3066 ac
1028 3009 1092 3065 eius
1115 3009 1223 3081 legem,
1247 3020 1332 3080 patet

345 3115 378 3152 ex
403 3096 570 3153 sufficiente
593 3117 681 3154 sensu
708 3117 724 3155 a
749 3099 904 3157 contrario
929 3095 1118 3154 convertibili
1143 3095 1225 3169 quod
1249 3093 1330 3149 idem

346 3197 389 3240 est
413 3182 497 3239 odire
528 3186 622 3257 legem
647 3188 716 3242 lesu
741 3187 851 3243 Christi
877 3200 905 3242 et
930 3185 1027 3258 ipsum
1052 3182 1146 3241 odire.
1179 3181 1238 3237 Sed
1262 3179 1378 3253 quis30

345 3269 463 3326 dubitat
480 3271 551 3344 quin
570 3275 798 3345 preponderans
823 3274 852 3329 in
877 3272 1029 3329 eleccione
1053 3284 1082 3326 et
1106 3286 1210 3326 amore
1233 3268 1329 3341 legem

346 3358 485 3432 papalem
521 3372 549 3415 et
585 3374 772 3433 postponens
803 3360 951 3417 vivificam
985 3359 1080 3431 legem
1115 3354 1226 3414 Christi
1266 3353 1331 3410 odit

345 3448 422 3502 adeo
460 3447 556 3519 legem
597 3466 693 3519 suam,
733 3467 801 3504 cum
836 3448 923 3504 aliter
956 3465 1015 3502 non
1048 3443 1161 3500 diceret
1192 3440 1331 3498 Christus

347 3535 426 3589 Luce
450 3535 524 3599 XlV,
550 3538 604 3592 26:
645 3536 703 3602 Qui
725 3554 781 3590 uon
813 3536 874 3589 odit
894 3545 1010 3609 patrem
1038 3550 1121 3587 suum
1146 3541 1172 3585 el
1195 3539 1331 3595 matrem,

345 3638 468 3677 uxorem
493 3633 519 3677 el
533 3622 618 3697 filius
641 3634 668 3677 et
684 3624 805 3697 fratres
837 3634 863 3677 et
895 3638 1025 3690 sorores,
1057 3619 1153 3674 adhuc
1185 3627 1280 3672 autem
1305 3626 1377 3680 et35

345 3709 472 3764 eitimam
495 3728 590 3775 stium,
614 3729 669 3764 tum
690 3719 787 3785 polest
811 3728 891 3764 meus
908 3725 969 3765 esse
993 3705 1162 3783 discipulus.
1188 3706 1224 3760 Et
1249 3715 1332 3777 patet

345 3798 426 3869 quod
460 3797 556 3852 clerus
592 3812 623 3853 ut
656 3796 697 3852 sic
733 3797 838 3853 odiens
872 3798 967 3869 legem
993 3791 1104 3852 Christi
1138 3804 1171 3847 ut
1200 3789 1242 3846 sic
1266 3789 1331 3845 odit

346 3881 443 3956 ipsum
471 3902 582 3956 regem,
616 3898 644 3940 et
668 3903 774 3940 ornnes
808 3897 839 3938 ut
864 3883 906 3940 sic
930 3882 1049 3938 dicunt:
1090 3879 1234 3934 anunitts
1256 3877 1333 3932 hunc

346 3988 474 4046 regnare
497 3989 586 4045 super
601 3991 653 4027 iios
669 3973 720 4027 sed
738 3989 882 4031 cesarem,
908 3969 979 4043 quia
1003 3967 1152 4042 prelatum
1171 3963 1331 4023 cesarium.

346 4070 377 4112 ut
413 4076 523 4131 papam
558 4059 603 4113 vel
636 4060 773 4114 dotatum
809 4057 901 4113 alium
937 4055 993 4111 sibi
1026 4053 1140 4127 eligunt
1175 4066 1380 4124 tamquamao

346 4146 452 4201 ducem
488 4159 516 4200 et
551 4163 715 4218 pauperem
741 4144 894 4202 Christum
930 4155 1071 4205 renuunt,
1109 4139 1188 4196 sicut
1216 4135 1334 4194 eteius

347 4231 495 4288 iivilicam
523 4232 715 4290 medicinam.
741 4231 816 4301 Quis
834 4252 908 4303 rogo
932 4233 969 4285 de
993 4227 1106 4284 dotatis
1130 4225 1248 4283 clericis
1272 4241 1333 4280 non

347 4318 561 4391 dedignaretur·
586 4319 709 4376 sufferre
728 4318 838 4375 Christi
867 4316 1054 4391 pauperiem,
1079 4334 1148 4371 cum
1174 4327 1331 4386 tamquam

404 4470 433 4519 ii.
450 4471 483 4511 A:
498 4480 633 4521 pauperem.
