<?xml version="1.0" encoding="UTF-8"?>
<!DOCTYPE html PUBLIC "-//W3C//DTD XHTML 1.0 Transitional//EN"
    "http://www.w3.org/TR/xhtml1/DTD/xhtml1-transitional.dtd">
<html xmlns="http://www.w3.org/1999/xhtml" xml:lang="en" lang="en">
 <head>
  <title>
</title>
<meta http-equiv="Content-Type" content="text/html;charset=utf-8" />
  <meta name='ocr-system' content='tesseract 3.04.00' />
  <meta name='ocr-capabilities' content='ocr_page ocr_carea ocr_par ocr_line ocrx_word'/>
</head>
<body>
  <div class='ocr_page' id='page_1' title='image "./iohanniswyclifo01wyclgoog_0201.png"; bbox 0 0 3098 5130; ppageno 0'>
   <div class='ocr_carea' id='block_1_1' title="bbox 572 476 1334 561">
    <p class='ocr_par' dir='ltr' id='par_1_1' title="bbox 572 476 1334 561">
     <span class='ocr_line' id='line_1_1' title="bbox 572 476 1334 561; baseline -0.001 -19"><span class='ocrx_word' id='word_1_1' title='bbox 572 493 662 543; x_wconf 84' lang='lat' dir='ltr'>orus</span> <span class='ocrx_word' id='word_1_2' title='bbox 680 493 933 545; x_wconf 78' lang='lat' dir='ltr'>rvruoarrcuu</span> <span class='ocrx_word' id='word_1_3' title='bbox 953 493 1017 544; x_wconf 80' lang='lat' dir='ltr'>tra.</span> <span class='ocrx_word' id='word_1_4' title='bbox 1036 494 1078 545; x_wconf 94' lang='grc' dir='ltr'><strong>ιιι.</strong></span> <span class='ocrx_word' id='word_1_5' title='bbox 1147 476 1230 561; x_wconf 68' lang='grc' dir='ltr'><strong>[εει.</strong></span> <span class='ocrx_word' id='word_1_6' title='bbox 1244 490 1334 535; x_wconf 81' lang='lat' dir='ltr'>mv.</span> 
     </span>
    </p>
   </div>
   <div class='ocr_carea' id='block_1_2' title="bbox 119 652 1371 3869">
    <p class='ocr_par' dir='ltr' id='par_1_2' title="bbox 119 652 1371 3869">
     <span class='ocr_line' id='line_1_2' title="bbox 339 652 1333 731; baseline 0.005 -23"><span class='ocrx_word' id='word_1_7' title='bbox 339 652 444 709; x_wconf 92' lang='lat' dir='ltr'>talium</span> <span class='ocrx_word' id='word_1_8' title='bbox 475 652 611 726; x_wconf 87' lang='lat' dir='ltr'>parcium</span> <span class='ocrx_word' id='word_1_9' title='bbox 637 653 814 711; x_wconf 90' lang='lat' dir='ltr'>collocatur.</span> <span class='ocrx_word' id='word_1_10' title='bbox 840 652 899 725; x_wconf 93' lang='lat' dir='ltr'>Qui</span> <span class='ocrx_word' id='word_1_11' title='bbox 923 653 1003 711; x_wconf 91' lang='lat' dir='ltr'>enim</span> <span class='ocrx_word' id='word_1_12' title='bbox 1029 654 1185 729; x_wconf 86' lang='lat' dir='ltr'>cognoscit</span> <span class='ocrx_word' id='word_1_13' title='bbox 1201 654 1333 731; x_wconf 87' lang='lat' dir='ltr'>dispari-</span> 
     </span>
     <span class='ocr_line' id='line_1_3' title="bbox 338 739 1333 819; baseline 0.003 -22"><span class='ocrx_word' id='word_1_14' title='bbox 338 752 430 797; x_wconf 83' lang='lat' dir='ltr'>tatem</span> <span class='ocrx_word' id='word_1_15' title='bbox 455 740 543 796; x_wconf 89' lang='lat' dir='ltr'>huius</span> <span class='ocrx_word' id='word_1_16' title='bbox 575 740 793 814; x_wconf 86' lang='lat' dir='ltr'>predicacionis</span> <span class='ocrx_word' id='word_1_17' title='bbox 817 739 954 815; x_wconf 88' lang='lat' dir='ltr'>triplicis,</span> <span class='ocrx_word' id='word_1_18' title='bbox 978 741 1076 799; x_wconf 90' lang='lat' dir='ltr'>noscit</span> <span class='ocrx_word' id='word_1_19' title='bbox 1098 755 1224 817; x_wconf 89' lang='lat' dir='ltr'>propter</span> <span class='ocrx_word' id='word_1_20' title='bbox 1246 742 1333 819; x_wconf 90' lang='lat' dir='ltr'>equi·</span> 
     </span>
     <span class='ocr_line' id='line_1_4' title="bbox 336 826 1331 903; baseline 0.004 -20"><span class='ocrx_word' id='word_1_21' title='bbox 336 826 532 883; x_wconf 83' lang='lat' dir='ltr'>vocacionem</span> <span class='ocrx_word' id='word_1_22' title='bbox 557 827 779 901; x_wconf 85' lang='lat' dir='ltr'>predicacionis</span> <span class='ocrx_word' id='word_1_23' title='bbox 802 830 884 903; x_wconf 94' lang='lat' dir='ltr'>quod</span> <span class='ocrx_word' id='word_1_24' title='bbox 908 848 969 886; x_wconf 92' lang='lat' dir='ltr'>non</span> <span class='ocrx_word' id='word_1_25' title='bbox 992 842 1037 886; x_wconf 91' lang='lat' dir='ltr'>est</span> <span class='ocrx_word' id='word_1_26' title='bbox 1061 830 1146 887; x_wconf 91' lang='lat' dir='ltr'>color</span> <span class='ocrx_word' id='word_1_27' title='bbox 1169 829 1200 887; x_wconf 92' lang='lat' dir='ltr'>in</span> <span class='ocrx_word' id='word_1_28' title='bbox 1224 830 1331 888; x_wconf 90' lang='lat' dir='ltr'>huius-</span> 
     </span>
     <span class='ocr_line' id='line_1_5' title="bbox 339 913 664 989; baseline 0.006 -19"><span class='ocrx_word' id='word_1_29' title='bbox 339 913 422 970; x_wconf 88' lang='lat' dir='ltr'>modi</span> <span class='ocrx_word' id='word_1_30' title='bbox 446 914 664 989; x_wconf 77' lang='lat' dir='ltr'>paralogismo</span> 
     </span>
     <span class='ocr_line' id='line_1_6' title="bbox 139 991 1355 1089; baseline 0.002 -33"><span class='ocrx_word' id='word_1_31' title='bbox 139 991 314 1089; x_wconf 49' lang='lat' dir='ltr'>{lflssgfffi&#39;t‘ffe</span> <span class='ocrx_word' id='word_1_32' title='bbox 358 1077 360 1080; x_wconf 7' lang='lat' dir='ltr'>y</span> <span class='ocrx_word' id='word_1_33' title='bbox 382 1005 418 1058; x_wconf 89' lang='lat' dir='ltr'>Et</span> <span class='ocrx_word' id='word_1_34' title='bbox 442 1020 497 1076; x_wconf 91' lang='lat' dir='ltr'>per</span> <span class='ocrx_word' id='word_1_35' title='bbox 521 1003 579 1059; x_wconf 93' lang='lat' dir='ltr'>hoc</span> <span class='ocrx_word' id='word_1_36' title='bbox 603 1005 803 1077; x_wconf 90' lang='lat' dir='ltr'>respondetur</span> <span class='ocrx_word' id='word_1_37' title='bbox 824 1004 861 1059; x_wconf 92' lang='lat' dir='ltr'>ad</span> <span class='ocrx_word' id='word_1_38' title='bbox 878 1002 1052 1077; x_wconf 86' lang='lat' dir='ltr'>questiones</span> <span class='ocrx_word' id='word_1_39' title='bbox 1069 1003 1179 1079; x_wconf 91' lang='lat' dir='ltr'>quibus</span> <span class='ocrx_word' id='word_1_40' title='bbox 1195 1009 1355 1080; x_wconf 81' lang='lat' dir='ltr'>querunt5</span> 
     </span>
     <span class='ocr_line' id='line_1_7' title="bbox 160 1087 1330 1164; baseline 0.01 -26"><span class='ocrx_word' id='word_1_41' title='bbox 160 1098 212 1156; x_wconf 69' lang='lat' dir='ltr'>nost</span> <span class='ocrx_word' id='word_1_42' title='bbox 227 1097 247 1139; x_wconf 85' lang='lat' dir='ltr'>is</span> <span class='ocrx_word' id='word_1_43' title='bbox 262 1105 301 1140; x_wconf 84' lang='lat' dir='ltr'>not</span> <span class='ocrx_word' id='word_1_44' title='bbox 339 1087 478 1163; x_wconf 85' lang='lat' dir='ltr'>discipuli</span> <span class='ocrx_word' id='word_1_45' title='bbox 501 1089 679 1147; x_wconf 86' lang='lat' dir='ltr'>Antichristi</span> <span class='ocrx_word' id='word_1_46' title='bbox 703 1104 805 1146; x_wconf 90' lang='lat' dir='ltr'>utrum</span> <span class='ocrx_word' id='word_1_47' title='bbox 831 1109 941 1164; x_wconf 92' lang='lat' dir='ltr'>corpus</span> <span class='ocrx_word' id='word_1_48' title='bbox 957 1089 1068 1148; x_wconf 88' lang='lat' dir='ltr'>Christi</span> <span class='ocrx_word' id='word_1_49' title='bbox 1093 1094 1178 1149; x_wconf 90' lang='lat' dir='ltr'>sedet</span> <span class='ocrx_word' id='word_1_50' title='bbox 1198 1092 1245 1149; x_wconf 87' lang='lat' dir='ltr'>vel</span> <span class='ocrx_word' id='word_1_51' title='bbox 1269 1106 1330 1150; x_wconf 90' lang='lat' dir='ltr'>stat</span> 
     </span>
     <span class='ocr_line' id='line_1_8' title="bbox 147 1149 1329 1259; baseline 0.007 -29"><span class='ocrx_word' id='word_1_52' title='bbox 147 1149 301 1259; x_wconf 52' lang='grc' dir='ltr'>Πζὲξξξξὲἶῐ</span> <span class='ocrx_word' id='word_1_53' title='bbox 338 1176 368 1233; x_wconf 92' lang='lat' dir='ltr'>in</span> <span class='ocrx_word' id='word_1_54' title='bbox 402 1175 466 1250; x_wconf 89' lang='lat' dir='ltr'>ipsa</span> <span class='ocrx_word' id='word_1_55' title='bbox 499 1176 597 1233; x_wconf 83' lang='lat' dir='ltr'>hostia</span> <span class='ocrx_word' id='word_1_56' title='bbox 634 1191 819 1234; x_wconf 87' lang='lat' dir='ltr'>consecrata.</span> <span class='ocrx_word' id='word_1_57' title='bbox 863 1180 941 1234; x_wconf 92' lang='lat' dir='ltr'>Nam</span> <span class='ocrx_word' id='word_1_58' title='bbox 979 1196 1089 1252; x_wconf 91' lang='lat' dir='ltr'>corpus</span> <span class='ocrx_word' id='word_1_59' title='bbox 1121 1179 1234 1237; x_wconf 85' lang='lat' dir='ltr'>Christi</span> <span class='ocrx_word' id='word_1_60' title='bbox 1271 1198 1329 1238; x_wconf 89' lang='lat' dir='ltr'>nec</span> 
     </span>
     <span class='ocr_line' id='line_1_9' title="bbox 130 1253 1328 1359; baseline 0.005 -41"><span class='ocrx_word' id='word_1_61' title='bbox 130 1253 315 1359; x_wconf 52' lang='lat' dir='ltr'>ffiffl’ffl</span> <span class='ocrx_word' id='word_1_62' title='bbox 337 1265 421 1320; x_wconf 91' lang='lat' dir='ltr'>sedet</span> <span class='ocrx_word' id='word_1_63' title='bbox 457 1280 511 1320; x_wconf 89' lang='lat' dir='ltr'>nec</span> <span class='ocrx_word' id='word_1_64' title='bbox 550 1277 609 1320; x_wconf 90' lang='lat' dir='ltr'>stat</span> <span class='ocrx_word' id='word_1_65' title='bbox 649 1264 762 1321; x_wconf 88' lang='lat' dir='ltr'>ibidem</span> <span class='ocrx_word' id='word_1_66' title='bbox 796 1282 852 1321; x_wconf 91' lang='lat' dir='ltr'>nec</span> <span class='ocrx_word' id='word_1_67' title='bbox 885 1278 1023 1322; x_wconf 90' lang='lat' dir='ltr'>movetur</span> <span class='ocrx_word' id='word_1_68' title='bbox 1059 1266 1106 1323; x_wconf 89' lang='lat' dir='ltr'>vel</span> <span class='ocrx_word' id='word_1_69' title='bbox 1137 1267 1257 1324; x_wconf 89' lang='lat' dir='ltr'>locatur</span> <span class='ocrx_word' id='word_1_70' title='bbox 1288 1269 1328 1325; x_wconf 85' lang='lat' dir='ltr'>ad</span> 
     </span>
     <span class='ocr_line' id='line_1_10' title="bbox 147 1350 1326 1428; baseline 0.011 -29"><span class='ocrx_word' id='word_1_71' title='bbox 147 1358 301 1417; x_wconf 67' lang='lat' dir='ltr'>placentne</span> <span class='ocrx_word' id='word_1_72' title='bbox 338 1364 456 1407; x_wconf 86' lang='lat' dir='ltr'>motum</span> <span class='ocrx_word' id='word_1_73' title='bbox 489 1350 576 1407; x_wconf 90' lang='lat' dir='ltr'>istius</span> <span class='ocrx_word' id='word_1_74' title='bbox 608 1351 706 1408; x_wconf 87' lang='lat' dir='ltr'>hostie</span> <span class='ocrx_word' id='word_1_75' title='bbox 738 1364 924 1422; x_wconf 89' lang='lat' dir='ltr'>consecrate,</span> <span class='ocrx_word' id='word_1_76' title='bbox 963 1351 1035 1426; x_wconf 89' lang='lat' dir='ltr'>quia</span> <span class='ocrx_word' id='word_1_77' title='bbox 1067 1371 1178 1428; x_wconf 91' lang='lat' dir='ltr'>corpus</span> <span class='ocrx_word' id='word_1_78' title='bbox 1213 1353 1326 1412; x_wconf 88' lang='lat' dir='ltr'>Christi</span> 
     </span>
     <span class='ocr_line' id='line_1_11' title="bbox 156 1409 1371 1512; baseline 0.002 -20"><span class='ocrx_word' id='word_1_79' title='bbox 156 1409 290 1453; x_wconf 46' lang='lat' dir='ltr'>¹¹⁰⁵t¹¹⁵e¹l</span> <span class='ocrx_word' id='word_1_80' title='bbox 337 1436 465 1512; x_wconf 89' lang='lat' dir='ltr'>quiescit</span> <span class='ocrx_word' id='word_1_81' title='bbox 511 1437 542 1493; x_wconf 92' lang='lat' dir='ltr'>in</span> <span class='ocrx_word' id='word_1_82' title='bbox 589 1439 654 1495; x_wconf 89' lang='lat' dir='ltr'>celo</span> <span class='ocrx_word' id='word_1_83' title='bbox 700 1451 799 1496; x_wconf 90' lang='lat' dir='ltr'>stante</span> <span class='ocrx_word' id='word_1_84' title='bbox 834 1438 1068 1496; x_wconf 89' lang='lat' dir='ltr'>consecracione</span> <span class='ocrx_word' id='word_1_85' title='bbox 1108 1439 1189 1498; x_wconf 91' lang='lat' dir='ltr'>illius</span> <span class='ocrx_word' id='word_1_86' title='bbox 1227 1441 1328 1499; x_wconf 91' lang='lat' dir='ltr'>hostie</span> <span class='ocrx_word' id='word_1_87' title='bbox 1342 1462 1371 1496; x_wconf 89' lang='lat' dir='ltr'>ro</span> 
     </span>
     <span class='ocr_line' id='line_1_12' title="bbox 337 1524 1327 1603; baseline 0.006 -22"><span class='ocrx_word' id='word_1_88' title='bbox 337 1524 414 1581; x_wconf 88' lang='lat' dir='ltr'>sicut</span> <span class='ocrx_word' id='word_1_89' title='bbox 438 1526 531 1598; x_wconf 89' lang='lat' dir='ltr'>prius.</span> <span class='ocrx_word' id='word_1_90' title='bbox 563 1527 649 1583; x_wconf 86' lang='lat' dir='ltr'>Unde</span> <span class='ocrx_word' id='word_1_91' title='bbox 677 1527 754 1582; x_wconf 89' lang='lat' dir='ltr'>solet</span> <span class='ocrx_word' id='word_1_92' title='bbox 786 1525 870 1601; x_wconf 91' lang='lat' dir='ltr'>queri</span> <span class='ocrx_word' id='word_1_93' title='bbox 904 1527 1106 1584; x_wconf 88' lang='lat' dir='ltr'>communiter</span> <span class='ocrx_word' id='word_1_94' title='bbox 1134 1546 1194 1602; x_wconf 89' lang='lat' dir='ltr'>qua</span> <span class='ocrx_word' id='word_1_95' title='bbox 1225 1529 1327 1603; x_wconf 90' lang='lat' dir='ltr'>specie</span> 
     </span>
     <span class='ocr_line' id='line_1_13' title="bbox 338 1612 1327 1675; baseline 0.007 -8"><span class='ocrx_word' id='word_1_96' title='bbox 338 1627 437 1669; x_wconf 90' lang='lat' dir='ltr'>motus</span> <span class='ocrx_word' id='word_1_97' title='bbox 461 1612 570 1670; x_wconf 88' lang='lat' dir='ltr'>virtute</span> <span class='ocrx_word' id='word_1_98' title='bbox 603 1612 689 1670; x_wconf 89' lang='lat' dir='ltr'>istius</span> <span class='ocrx_word' id='word_1_99' title='bbox 720 1612 962 1670; x_wconf 87' lang='lat' dir='ltr'>consecracionis</span> <span class='ocrx_word' id='word_1_100' title='bbox 1000 1615 1054 1671; x_wconf 90' lang='lat' dir='ltr'>hec</span> <span class='ocrx_word' id='word_1_101' title='bbox 1093 1614 1192 1672; x_wconf 91' lang='lat' dir='ltr'>hostia</span> <span class='ocrx_word' id='word_1_102' title='bbox 1226 1635 1327 1675; x_wconf 89' lang='lat' dir='ltr'>move·</span> 
     </span>
     <span class='ocr_line' id='line_1_14' title="bbox 337 1698 1327 1775; baseline 0.007 -21"><span class='ocrx_word' id='word_1_103' title='bbox 337 1712 420 1767; x_wconf 88' lang='lat' dir='ltr'>atur;</span> <span class='ocrx_word' id='word_1_104' title='bbox 457 1713 485 1757; x_wconf 91' lang='lat' dir='ltr'>et</span> <span class='ocrx_word' id='word_1_105' title='bbox 520 1699 624 1757; x_wconf 87' lang='lat' dir='ltr'>dicunt</span> <span class='ocrx_word' id='word_1_106' title='bbox 657 1701 743 1757; x_wconf 92' lang='lat' dir='ltr'>multi</span> <span class='ocrx_word' id='word_1_107' title='bbox 785 1702 867 1775; x_wconf 93' lang='lat' dir='ltr'>quod</span> <span class='ocrx_word' id='word_1_108' title='bbox 899 1698 1010 1757; x_wconf 91' lang='lat' dir='ltr'>virtute</span> <span class='ocrx_word' id='word_1_109' title='bbox 1043 1700 1128 1759; x_wconf 92' lang='lat' dir='ltr'>istius</span> <span class='ocrx_word' id='word_1_110' title='bbox 1169 1721 1327 1761; x_wconf 88' lang='lat' dir='ltr'>consecra-</span> 
     </span>
     <span class='ocr_line' id='line_1_15' title="bbox 338 1784 1326 1864; baseline 0.006 -22"><span class='ocrx_word' id='word_1_111' title='bbox 338 1784 433 1842; x_wconf 90' lang='lat' dir='ltr'>cionis</span> <span class='ocrx_word' id='word_1_112' title='bbox 466 1806 528 1844; x_wconf 93' lang='lat' dir='ltr'>non</span> <span class='ocrx_word' id='word_1_113' title='bbox 561 1787 659 1844; x_wconf 92' lang='lat' dir='ltr'>solum</span> <span class='ocrx_word' id='word_1_114' title='bbox 694 1789 748 1845; x_wconf 90' lang='lat' dir='ltr'>hec</span> <span class='ocrx_word' id='word_1_115' title='bbox 783 1787 893 1857; x_wconf 85' lang='lat' dir='ltr'>hostia,</span> <span class='ocrx_word' id='word_1_116' title='bbox 923 1806 1026 1861; x_wconf 90' lang='lat' dir='ltr'>ymmo</span> <span class='ocrx_word' id='word_1_117' title='bbox 1059 1806 1170 1864; x_wconf 91' lang='lat' dir='ltr'>corpus</span> <span class='ocrx_word' id='word_1_118' title='bbox 1202 1790 1326 1848; x_wconf 87' lang='lat' dir='ltr'>Domini</span> 
     </span>
     <span class='ocr_line' id='line_1_16' title="bbox 339 1874 1367 1949; baseline 0.006 -19"><span class='ocrx_word' id='word_1_119' title='bbox 339 1887 382 1930; x_wconf 91' lang='lat' dir='ltr'>est</span> <span class='ocrx_word' id='word_1_120' title='bbox 415 1887 561 1943; x_wconf 89' lang='lat' dir='ltr'>creatum,</span> <span class='ocrx_word' id='word_1_121' title='bbox 601 1874 651 1931; x_wconf 89' lang='lat' dir='ltr'>alii</span> <span class='ocrx_word' id='word_1_122' title='bbox 687 1889 788 1932; x_wconf 88' lang='lat' dir='ltr'>autern</span> <span class='ocrx_word' id='word_1_123' title='bbox 824 1875 906 1949; x_wconf 92' lang='lat' dir='ltr'>quod</span> <span class='ocrx_word' id='word_1_124' title='bbox 939 1889 1077 1932; x_wconf 89' lang='lat' dir='ltr'>movetur</span> <span class='ocrx_word' id='word_1_125' title='bbox 1109 1877 1161 1933; x_wconf 92' lang='lat' dir='ltr'>sed</span> <span class='ocrx_word' id='word_1_126' title='bbox 1193 1877 1367 1936; x_wconf 87' lang='lat' dir='ltr'>nescitur¹5</span> 
     </span>
     <span class='ocr_line' id='line_1_17' title="bbox 339 1960 1325 2039; baseline 0.005 -23"><span class='ocrx_word' id='word_1_127' title='bbox 339 1980 399 2034; x_wconf 90' lang='lat' dir='ltr'>qua</span> <span class='ocrx_word' id='word_1_128' title='bbox 423 1962 522 2034; x_wconf 85' lang='lat' dir='ltr'>specie</span> <span class='ocrx_word' id='word_1_129' title='bbox 546 1974 647 2018; x_wconf 89' lang='lat' dir='ltr'>motus</span> <span class='ocrx_word' id='word_1_130' title='bbox 670 1961 728 2018; x_wconf 88' lang='lat' dir='ltr'>nisi</span> <span class='ocrx_word' id='word_1_131' title='bbox 752 1960 834 2036; x_wconf 84' lang='lat' dir='ltr'>quod</span> <span class='ocrx_word' id='word_1_132' title='bbox 859 1975 903 2018; x_wconf 91' lang='lat' dir='ltr'>est</span> <span class='ocrx_word' id='word_1_133' title='bbox 927 1961 1060 2020; x_wconf 86' lang='lat' dir='ltr'>mutacio</span> <span class='ocrx_word' id='word_1_134' title='bbox 1076 1964 1179 2021; x_wconf 87' lang='lat' dir='ltr'>dextre</span> <span class='ocrx_word' id='word_1_135' title='bbox 1202 1966 1325 2039; x_wconf 79' lang='lat' dir='ltr'>excelsi3</span> 
     </span>
     <span class='ocr_line' id='line_1_18' title="bbox 338 2048 1326 2124; baseline 0.006 -21"><span class='ocrx_word' id='word_1_136' title='bbox 338 2066 392 2103; x_wconf 92' lang='lat' dir='ltr'>nos</span> <span class='ocrx_word' id='word_1_137' title='bbox 425 2061 525 2105; x_wconf 87' lang='lat' dir='ltr'>autem</span> <span class='ocrx_word' id='word_1_138' title='bbox 561 2048 759 2123; x_wconf 86' lang='lat' dir='ltr'>probabiliter</span> <span class='ocrx_word' id='word_1_139' title='bbox 792 2048 943 2106; x_wconf 90' lang='lat' dir='ltr'>credimus</span> <span class='ocrx_word' id='word_1_140' title='bbox 976 2051 1058 2124; x_wconf 92' lang='lat' dir='ltr'>quod</span> <span class='ocrx_word' id='word_1_141' title='bbox 1091 2050 1201 2108; x_wconf 90' lang='lat' dir='ltr'>virtute</span> <span class='ocrx_word' id='word_1_142' title='bbox 1239 2051 1326 2109; x_wconf 91' lang='lat' dir='ltr'>istius</span> 
     </span>
     <span class='ocr_line' id='line_1_19' title="bbox 339 2134 1325 2211; baseline 0.004 -20"><span class='ocrx_word' id='word_1_143' title='bbox 339 2134 580 2193; x_wconf 82' lang='lat' dir='ltr'>consecracionis</span> <span class='ocrx_word' id='word_1_144' title='bbox 616 2155 727 2211; x_wconf 87' lang='lat' dir='ltr'>corpus</span> <span class='ocrx_word' id='word_1_145' title='bbox 751 2135 873 2192; x_wconf 86' lang='lat' dir='ltr'>Domini</span> <span class='ocrx_word' id='word_1_146' title='bbox 906 2156 967 2192; x_wconf 92' lang='lat' dir='ltr'>non</span> <span class='ocrx_word' id='word_1_147' title='bbox 1001 2151 1149 2204; x_wconf 81' lang='lat' dir='ltr'>movetur,</span> <span class='ocrx_word' id='word_1_148' title='bbox 1184 2156 1253 2196; x_wconf 89' lang='lat' dir='ltr'>cum</span> <span class='ocrx_word' id='word_1_149' title='bbox 1287 2140 1325 2198; x_wconf 87' lang='lat' dir='ltr'>ad</span> 
     </span>
     <span class='ocr_line' id='line_1_20' title="bbox 339 2222 1326 2299; baseline 0.005 -21"><span class='ocrx_word' id='word_1_150' title='bbox 339 2222 522 2279; x_wconf 83' lang='lat' dir='ltr'>relacionem</span> <span class='ocrx_word' id='word_1_151' title='bbox 547 2225 714 2281; x_wconf 90' lang='lat' dir='ltr'>secundum</span> <span class='ocrx_word' id='word_1_152' title='bbox 739 2222 932 2280; x_wconf 86' lang='lat' dir='ltr'>Aristotelem</span> <span class='ocrx_word' id='word_1_153' title='bbox 958 2242 1018 2280; x_wconf 90' lang='lat' dir='ltr'>non</span> <span class='ocrx_word' id='word_1_154' title='bbox 1043 2238 1088 2282; x_wconf 89' lang='lat' dir='ltr'>est</span> <span class='ocrx_word' id='word_1_155' title='bbox 1113 2239 1225 2299; x_wconf 89' lang='lat' dir='ltr'>motus,</span> <span class='ocrx_word' id='word_1_156' title='bbox 1248 2226 1326 2285; x_wconf 90' lang='lat' dir='ltr'>sicut</span> 
     </span>
     <span class='ocr_line' id='line_1_21' title="bbox 338 2309 1368 2385; baseline 0 -20"><span class='ocrx_word' id='word_1_157' title='bbox 338 2309 433 2383; x_wconf 90' lang='lat' dir='ltr'>postis</span> <span class='ocrx_word' id='word_1_158' title='bbox 461 2324 559 2383; x_wconf 91' lang='lat' dir='ltr'>potest</span> <span class='ocrx_word' id='word_1_159' title='bbox 589 2329 652 2367; x_wconf 88' lang='lat' dir='ltr'>esse</span> <span class='ocrx_word' id='word_1_160' title='bbox 676 2309 767 2367; x_wconf 91' lang='lat' dir='ltr'>michi</span> <span class='ocrx_word' id='word_1_161' title='bbox 792 2313 904 2380; x_wconf 84' lang='lat' dir='ltr'>dexter,</span> <span class='ocrx_word' id='word_1_162' title='bbox 928 2324 1090 2385; x_wconf 86' lang='lat' dir='ltr'>postquam</span> <span class='ocrx_word' id='word_1_163' title='bbox 1115 2312 1171 2370; x_wconf 85' lang='lat' dir='ltr'>fuit</span> <span class='ocrx_word' id='word_1_164' title='bbox 1193 2312 1325 2385; x_wconf 86' lang='lat' dir='ltr'>sinister,</span> <span class='ocrx_word' id='word_1_165' title='bbox 1337 2331 1368 2365; x_wconf 82' lang='lat'>20</span> 
     </span>
     <span class='ocr_line' id='line_1_22' title="bbox 338 2397 1325 2473; baseline 0.007 -20"><span class='ocrx_word' id='word_1_166' title='bbox 338 2397 401 2453; x_wconf 91' lang='lat' dir='ltr'>sine</span> <span class='ocrx_word' id='word_1_167' title='bbox 426 2397 483 2453; x_wconf 91' lang='lat' dir='ltr'>hoc</span> <span class='ocrx_word' id='word_1_168' title='bbox 500 2400 582 2472; x_wconf 93' lang='lat' dir='ltr'>quod</span> <span class='ocrx_word' id='word_1_169' title='bbox 605 2398 656 2454; x_wconf 92' lang='lat' dir='ltr'>ille</span> <span class='ocrx_word' id='word_1_170' title='bbox 681 2397 775 2471; x_wconf 90' lang='lat' dir='ltr'>postis</span> <span class='ocrx_word' id='word_1_171' title='bbox 798 2401 836 2454; x_wconf 92' lang='lat' dir='ltr'>ad</span> <span class='ocrx_word' id='word_1_172' title='bbox 862 2398 918 2454; x_wconf 93' lang='lat' dir='ltr'>hoc</span> <span class='ocrx_word' id='word_1_173' title='bbox 942 2397 1134 2473; x_wconf 89' lang='lat' dir='ltr'>aliquatenus</span> <span class='ocrx_word' id='word_1_174' title='bbox 1158 2414 1325 2463; x_wconf 89' lang='lat' dir='ltr'>moveatur.</span> 
     </span>
     <span class='ocr_line' id='line_1_23' title="bbox 338 2483 1326 2557; baseline 0.007 -18"><span class='ocrx_word' id='word_1_175' title='bbox 338 2483 616 2557; x_wconf 90' lang='lat' dir='ltr'>Proporcionaliter</span> <span class='ocrx_word' id='word_1_176' title='bbox 639 2499 739 2542; x_wconf 89' lang='lat' dir='ltr'>autem</span> <span class='ocrx_word' id='word_1_177' title='bbox 770 2484 931 2543; x_wconf 89' lang='lat' dir='ltr'>dicendum</span> <span class='ocrx_word' id='word_1_178' title='bbox 961 2500 1005 2543; x_wconf 90' lang='lat' dir='ltr'>est</span> <span class='ocrx_word' id='word_1_179' title='bbox 1029 2488 1067 2543; x_wconf 90' lang='lat' dir='ltr'>de</span> <span class='ocrx_word' id='word_1_180' title='bbox 1096 2486 1236 2545; x_wconf 87' lang='lat' dir='ltr'>mucione</span> <span class='ocrx_word' id='word_1_181' title='bbox 1260 2507 1326 2546; x_wconf 93' lang='lat' dir='ltr'>cor·</span> 
     </span>
     <span class='ocr_line' id='line_1_24' title="bbox 338 2569 1325 2648; baseline 0.007 -22"><span class='ocrx_word' id='word_1_182' title='bbox 338 2569 420 2644; x_wconf 89' lang='lat' dir='ltr'>poris</span> <span class='ocrx_word' id='word_1_183' title='bbox 450 2571 572 2628; x_wconf 90' lang='lat' dir='ltr'>Domini</span> <span class='ocrx_word' id='word_1_184' title='bbox 601 2571 630 2627; x_wconf 93' lang='lat' dir='ltr'>in</span> <span class='ocrx_word' id='word_1_185' title='bbox 660 2571 758 2628; x_wconf 88' lang='lat' dir='ltr'>hostia</span> <span class='ocrx_word' id='word_1_186' title='bbox 787 2586 976 2646; x_wconf 77' lang='lat' dir='ltr'>consecrata3</span> <span class='ocrx_word' id='word_1_187' title='bbox 1010 2575 1062 2630; x_wconf 88' lang='lat' dir='ltr'>scd</span> <span class='ocrx_word' id='word_1_188' title='bbox 1091 2574 1249 2648; x_wconf 88' lang='lat' dir='ltr'>probabile</span> <span class='ocrx_word' id='word_1_189' title='bbox 1282 2590 1325 2633; x_wconf 90' lang='lat' dir='ltr'>est</span> 
     </span>
     <span class='ocr_line' id='line_1_25' title="bbox 337 2658 1325 2733; baseline 0.006 -20"><span class='ocrx_word' id='word_1_190' title='bbox 337 2660 420 2731; x_wconf 90' lang='lat' dir='ltr'>quod</span> <span class='ocrx_word' id='word_1_191' title='bbox 456 2658 533 2715; x_wconf 89' lang='lat' dir='ltr'>sicut</span> <span class='ocrx_word' id='word_1_192' title='bbox 567 2659 596 2715; x_wconf 91' lang='lat' dir='ltr'>in</span> <span class='ocrx_word' id='word_1_193' title='bbox 630 2659 839 2733; x_wconf 88' lang='lat' dir='ltr'>adquisicione</span> <span class='ocrx_word' id='word_1_194' title='bbox 871 2661 916 2716; x_wconf 86' lang='lat' dir='ltr'>vel</span> <span class='ocrx_word' id='word_1_195' title='bbox 956 2658 1133 2733; x_wconf 89' lang='lat' dir='ltr'>perdicione</span> <span class='ocrx_word' id='word_1_196' title='bbox 1165 2661 1325 2719; x_wconf 86' lang='lat' dir='ltr'>relacionis</span> 
     </span>
     <span class='ocr_line' id='line_1_26' title="bbox 338 2747 1366 2821; baseline 0.007 -21"><span class='ocrx_word' id='word_1_197' title='bbox 338 2758 459 2818; x_wconf 91' lang='lat' dir='ltr'>oportet</span> <span class='ocrx_word' id='word_1_198' title='bbox 491 2748 571 2820; x_wconf 88' lang='lat' dir='ltr'>quod</span> <span class='ocrx_word' id='word_1_199' title='bbox 606 2760 771 2802; x_wconf 89' lang='lat' dir='ltr'>extremum</span> <span class='ocrx_word' id='word_1_200' title='bbox 802 2747 930 2803; x_wconf 90' lang='lat' dir='ltr'>alterum</span> <span class='ocrx_word' id='word_1_201' title='bbox 959 2748 1006 2804; x_wconf 88' lang='lat' dir='ltr'>vel</span> <span class='ocrx_word' id='word_1_202' title='bbox 1039 2766 1149 2821; x_wconf 89' lang='lat' dir='ltr'>corpus</span> <span class='ocrx_word' id='word_1_203' title='bbox 1182 2750 1366 2807; x_wconf 80' lang='lat' dir='ltr'>adiacens²5</span> 
     </span>
     <span class='ocr_line' id='line_1_27' title="bbox 339 2832 1324 2910; baseline 0.005 -22"><span class='ocrx_word' id='word_1_204' title='bbox 339 2846 506 2903; x_wconf 82' lang='lat' dir='ltr'>moveatur,</span> <span class='ocrx_word' id='word_1_205' title='bbox 531 2832 573 2890; x_wconf 90' lang='lat' dir='ltr'>sic</span> <span class='ocrx_word' id='word_1_206' title='bbox 591 2835 628 2889; x_wconf 93' lang='lat' dir='ltr'>ad</span> <span class='ocrx_word' id='word_1_207' title='bbox 647 2834 703 2890; x_wconf 95' lang='lat' dir='ltr'>hoc</span> <span class='ocrx_word' id='word_1_208' title='bbox 720 2837 801 2907; x_wconf 84' lang='lat' dir='ltr'>quod</span> <span class='ocrx_word' id='word_1_209' title='bbox 827 2834 876 2891; x_wconf 90' lang='lat' dir='ltr'>ille</span> <span class='ocrx_word' id='word_1_210' title='bbox 900 2833 987 2907; x_wconf 91' lang='lat' dir='ltr'>panis</span> <span class='ocrx_word' id='word_1_211' title='bbox 1011 2834 1049 2892; x_wconf 90' lang='lat' dir='ltr'>sit</span> <span class='ocrx_word' id='word_1_212' title='bbox 1073 2852 1184 2910; x_wconf 90' lang='lat' dir='ltr'>corpus</span> <span class='ocrx_word' id='word_1_213' title='bbox 1200 2836 1324 2894; x_wconf 89' lang='lat' dir='ltr'>Domini</span> 
     </span>
     <span class='ocr_line' id='line_1_28' title="bbox 337 2919 1324 2996; baseline 0.005 -20"><span class='ocrx_word' id='word_1_214' title='bbox 337 2933 459 2993; x_wconf 90' lang='lat' dir='ltr'>oportet</span> <span class='ocrx_word' id='word_1_215' title='bbox 487 2922 569 2992; x_wconf 89' lang='lat' dir='ltr'>quod</span> <span class='ocrx_word' id='word_1_216' title='bbox 603 2919 653 2976; x_wconf 89' lang='lat' dir='ltr'>ille</span> <span class='ocrx_word' id='word_1_217' title='bbox 686 2919 772 2994; x_wconf 87' lang='lat' dir='ltr'>panis</span> <span class='ocrx_word' id='word_1_218' title='bbox 804 2922 850 2977; x_wconf 89' lang='lat' dir='ltr'>vel</span> <span class='ocrx_word' id='word_1_219' title='bbox 883 2921 1006 2995; x_wconf 89' lang='lat' dir='ltr'>aliquod</span> <span class='ocrx_word' id='word_1_220' title='bbox 1039 2941 1149 2996; x_wconf 91' lang='lat' dir='ltr'>corpus</span> <span class='ocrx_word' id='word_1_221' title='bbox 1182 2923 1324 2981; x_wconf 88' lang='lat' dir='ltr'>adiacens</span> 
     </span>
     <span class='ocr_line' id='line_1_29' title="bbox 339 3006 1324 3082; baseline 0.007 -21"><span class='ocrx_word' id='word_1_222' title='bbox 339 3019 506 3073; x_wconf 85' lang='lat' dir='ltr'>moveatur,</span> <span class='ocrx_word' id='word_1_223' title='bbox 524 3006 596 3080; x_wconf 92' lang='lat' dir='ltr'>quia</span> <span class='ocrx_word' id='word_1_224' title='bbox 613 3020 733 3081; x_wconf 87' lang='lat' dir='ltr'>oportet</span> <span class='ocrx_word' id='word_1_225' title='bbox 750 3009 831 3082; x_wconf 92' lang='lat' dir='ltr'>quod</span> <span class='ocrx_word' id='word_1_226' title='bbox 848 3011 989 3065; x_wconf 90' lang='lat' dir='ltr'>sacerdos</span> <span class='ocrx_word' id='word_1_227' title='bbox 1006 3027 1187 3067; x_wconf 85' lang='lat' dir='ltr'>consecrans</span> <span class='ocrx_word' id='word_1_228' title='bbox 1204 3024 1324 3068; x_wconf 87' lang='lat' dir='ltr'>moveat</span> 
     </span>
     <span class='ocr_line' id='line_1_30' title="bbox 340 3091 1325 3155; baseline 0.006 -6"><span class='ocrx_word' id='word_1_229' title='bbox 340 3091 419 3149; x_wconf 87' lang='lat' dir='ltr'>labia</span> <span class='ocrx_word' id='word_1_230' title='bbox 443 3111 496 3149; x_wconf 87' lang='lat' dir='ltr'>sua</span> <span class='ocrx_word' id='word_1_231' title='bbox 521 3095 566 3151; x_wconf 84' lang='lat' dir='ltr'>vel</span> <span class='ocrx_word' id='word_1_232' title='bbox 590 3094 776 3151; x_wconf 88' lang='lat' dir='ltr'>intellectum</span> <span class='ocrx_word' id='word_1_233' title='bbox 802 3107 831 3150; x_wconf 92' lang='lat' dir='ltr'>et</span> <span class='ocrx_word' id='word_1_234' title='bbox 846 3095 973 3152; x_wconf 88' lang='lat' dir='ltr'>omnino</span> <span class='ocrx_word' id='word_1_235' title='bbox 990 3095 1110 3154; x_wconf 91' lang='lat' dir='ltr'>Christo</span> <span class='ocrx_word' id='word_1_236' title='bbox 1127 3111 1325 3155; x_wconf 83' lang='lat' dir='ltr'>consecrante</span> 
     </span>
     <span class='ocr_line' id='line_1_31' title="bbox 339 3179 1369 3260; baseline 0.004 -26"><span class='ocrx_word' id='word_1_237' title='bbox 339 3179 422 3235; x_wconf 90' lang='lat' dir='ltr'>illam</span> <span class='ocrx_word' id='word_1_238' title='bbox 457 3179 584 3237; x_wconf 86' lang='lat' dir='ltr'>hostiam</span> <span class='ocrx_word' id='word_1_239' title='bbox 618 3194 738 3255; x_wconf 88' lang='lat' dir='ltr'>oportet</span> <span class='ocrx_word' id='word_1_240' title='bbox 772 3185 854 3256; x_wconf 89' lang='lat' dir='ltr'>quod</span> <span class='ocrx_word' id='word_1_241' title='bbox 884 3181 949 3256; x_wconf 87' lang='lat' dir='ltr'>ipsa</span> <span class='ocrx_word' id='word_1_242' title='bbox 978 3185 1207 3256; x_wconf 86' lang='lat' dir='ltr'>quodammodo</span> <span class='ocrx_word' id='word_1_243' title='bbox 1235 3184 1369 3260; x_wconf 83' lang='lat' dir='ltr'>spiri-30</span> 
     </span>
     <span class='ocr_line' id='line_1_32' title="bbox 339 3266 1326 3343; baseline 0.006 -20"><span class='ocrx_word' id='word_1_244' title='bbox 339 3266 460 3323; x_wconf 89' lang='lat' dir='ltr'>tualiter</span> <span class='ocrx_word' id='word_1_245' title='bbox 484 3267 637 3339; x_wconf 85' lang='lat' dir='ltr'>alteretur,</span> <span class='ocrx_word' id='word_1_246' title='bbox 675 3268 746 3343; x_wconf 89' lang='lat' dir='ltr'>quia</span> <span class='ocrx_word' id='word_1_247' title='bbox 770 3282 837 3342; x_wconf 91' lang='lat' dir='ltr'>post</span> <span class='ocrx_word' id='word_1_248' title='bbox 861 3269 1124 3328; x_wconf 85' lang='lat' dir='ltr'>consecracionem</span> <span class='ocrx_word' id='word_1_249' title='bbox 1150 3284 1193 3328; x_wconf 94' lang='lat' dir='ltr'>est</span> <span class='ocrx_word' id='word_1_250' title='bbox 1217 3271 1326 3329; x_wconf 90' lang='lat' dir='ltr'>melior</span> 
     </span>
     <span class='ocr_line' id='line_1_33' title="bbox 339 3355 712 3430; baseline 0.008 -21"><span class='ocrx_word' id='word_1_251' title='bbox 339 3373 430 3430; x_wconf 89' lang='lat' dir='ltr'>quam</span> <span class='ocrx_word' id='word_1_252' title='bbox 457 3355 554 3410; x_wconf 84' lang='lat' dir='ltr'>luerat</span> <span class='ocrx_word' id='word_1_253' title='bbox 578 3371 712 3428; x_wconf 88' lang='lat' dir='ltr'>perante.</span> 
     </span>
     <span class='ocr_line' id='line_1_34' title="bbox 119 3442 1326 3537; baseline 0.007 -42"><span class='ocrx_word' id='word_1_254' title='bbox 119 3443 170 3485; x_wconf 80' lang='lat' dir='ltr'>‘the</span> <span class='ocrx_word' id='word_1_255' title='bbox 185 3443 291 3537; x_wconf 75' lang='lat' dir='ltr'>questiop</span> <span class='ocrx_word' id='word_1_256' title='bbox 307 3444 328 3486; x_wconf 82' lang='lat' dir='ltr'>rs</span> <span class='ocrx_word' id='word_1_257' title='bbox 382 3443 418 3497; x_wconf 85' lang='lat' dir='ltr'>Et</span> <span class='ocrx_word' id='word_1_258' title='bbox 441 3461 495 3515; x_wconf 90' lang='lat' dir='ltr'>per</span> <span class='ocrx_word' id='word_1_259' title='bbox 520 3443 573 3499; x_wconf 93' lang='lat' dir='ltr'>hec</span> <span class='ocrx_word' id='word_1_260' title='bbox 591 3442 707 3499; x_wconf 86' lang='lat' dir='ltr'>¹dicitur</span> <span class='ocrx_word' id='word_1_261' title='bbox 731 3443 768 3498; x_wconf 84' lang='lat' dir='ltr'>ad</span> <span class='ocrx_word' id='word_1_262' title='bbox 794 3442 983 3517; x_wconf 89' lang='lat' dir='ltr'>questionem</span> <span class='ocrx_word' id='word_1_263' title='bbox 1009 3443 1166 3501; x_wconf 90' lang='lat' dir='ltr'>cuiusdam</span> <span class='ocrx_word' id='word_1_264' title='bbox 1191 3445 1326 3503; x_wconf 91' lang='lat' dir='ltr'>doctoris</span> 
     </span>
     <span class='ocr_line' id='line_1_35' title="bbox 138 3502 1326 3605; baseline 0.008 -23"><span class='ocrx_word' id='word_1_265' title='bbox 138 3502 308 3599; x_wconf 48' lang='lat' dir='ltr'>&#39;ffieignlihle</span> <span class='ocrx_word' id='word_1_266' title='bbox 338 3527 493 3602; x_wconf 87' lang='lat' dir='ltr'>querentis</span> <span class='ocrx_word' id='word_1_267' title='bbox 523 3529 546 3585; x_wconf 91' lang='lat' dir='ltr'>si</span> <span class='ocrx_word' id='word_1_268' title='bbox 576 3529 626 3585; x_wconf 96' lang='lat' dir='ltr'>ille</span> <span class='ocrx_word' id='word_1_269' title='bbox 655 3529 743 3604; x_wconf 87' lang='lat' dir='ltr'>panis</span> <span class='ocrx_word' id='word_1_270' title='bbox 771 3530 809 3586; x_wconf 88' lang='lat' dir='ltr'>sit</span> <span class='ocrx_word' id='word_1_271' title='bbox 837 3529 984 3587; x_wconf 87' lang='lat' dir='ltr'>veraciter</span> <span class='ocrx_word' id='word_1_272' title='bbox 1008 3549 1119 3605; x_wconf 91' lang='lat' dir='ltr'>corpus</span> <span class='ocrx_word' id='word_1_273' title='bbox 1143 3531 1256 3589; x_wconf 90' lang='lat' dir='ltr'>Christi</span> <span class='ocrx_word' id='word_1_274' title='bbox 1278 3534 1326 3591; x_wconf 91' lang='lat' dir='ltr'>vel</span> 
     </span>
     <span class='ocr_line' id='line_1_36' title="bbox 129 3599 1369 3693; baseline 0.002 -24"><span class='ocrx_word' id='word_1_275' title='bbox 129 3599 228 3642; x_wconf 65' lang='lat' dir='ltr'>christu</span> <span class='ocrx_word' id='word_1_276' title='bbox 245 3600 316 3656; x_wconf 48' lang='lat'>‘³⁰⁶5&#39;</span> <span class='ocrx_word' id='word_1_277' title='bbox 337 3615 360 3671; x_wconf 89' lang='lat' dir='ltr'>si</span> <span class='ocrx_word' id='word_1_278' title='bbox 398 3634 508 3690; x_wconf 84' lang='lat' dir='ltr'>corpus</span> <span class='ocrx_word' id='word_1_279' title='bbox 532 3616 643 3673; x_wconf 89' lang='lat' dir='ltr'>Christi</span> <span class='ocrx_word' id='word_1_280' title='bbox 672 3616 872 3691; x_wconf 90' lang='lat' dir='ltr'>spiritualiter</span> <span class='ocrx_word' id='word_1_281' title='bbox 899 3616 937 3673; x_wconf 89' lang='lat' dir='ltr'>sit</span> <span class='ocrx_word' id='word_1_282' title='bbox 968 3616 998 3673; x_wconf 93' lang='lat' dir='ltr'>in</span> <span class='ocrx_word' id='word_1_283' title='bbox 1027 3617 1078 3675; x_wconf 93' lang='lat' dir='ltr'>illo</span> <span class='ocrx_word' id='word_1_284' title='bbox 1107 3636 1185 3693; x_wconf 87' lang='lat' dir='ltr'>pane</span> <span class='ocrx_word' id='word_1_285' title='bbox 1213 3620 1369 3677; x_wconf 82' lang='lat' dir='ltr'>solum-35</span> 
     </span>
     <span class='ocr_line' id='line_1_37' title="bbox 338 3703 1326 3778; baseline 0.006 -21"><span class='ocrx_word' id='word_1_286' title='bbox 338 3705 440 3769; x_wconf 79' lang='lat' dir='ltr'>modo,</span> <span class='ocrx_word' id='word_1_287' title='bbox 465 3703 541 3760; x_wconf 89' lang='lat' dir='ltr'>sicut</span> <span class='ocrx_word' id='word_1_288' title='bbox 565 3705 642 3759; x_wconf 91' lang='lat' dir='ltr'>solet</span> <span class='ocrx_word' id='word_1_289' title='bbox 667 3703 723 3760; x_wconf 89' lang='lat' dir='ltr'>dici</span> <span class='ocrx_word' id='word_1_290' title='bbox 748 3705 830 3777; x_wconf 90' lang='lat' dir='ltr'>quod</span> <span class='ocrx_word' id='word_1_291' title='bbox 855 3723 964 3778; x_wconf 91' lang='lat' dir='ltr'>corpus</span> <span class='ocrx_word' id='word_1_292' title='bbox 988 3705 1098 3762; x_wconf 93' lang='lat' dir='ltr'>Christi</span> <span class='ocrx_word' id='word_1_293' title='bbox 1124 3704 1221 3763; x_wconf 91' lang='lat' dir='ltr'>estin</span> <span class='ocrx_word' id='word_1_294' title='bbox 1246 3707 1326 3765; x_wconf 90' lang='lat' dir='ltr'>acci-</span> 
     </span>
     <span class='ocr_line' id='line_1_38' title="bbox 337 3790 1326 3869; baseline 0.008 -25"><span class='ocrx_word' id='word_1_295' title='bbox 337 3791 427 3846; x_wconf 84' lang='lat' dir='ltr'>dente</span> <span class='ocrx_word' id='word_1_296' title='bbox 460 3790 523 3847; x_wconf 90' lang='lat' dir='ltr'>sine</span> <span class='ocrx_word' id='word_1_297' title='bbox 559 3790 705 3848; x_wconf 81' lang='lat' dir='ltr'>subiecto¹</span> <span class='ocrx_word' id='word_1_298' title='bbox 739 3790 795 3847; x_wconf 91' lang='lat' dir='ltr'>llic</span> <span class='ocrx_word' id='word_1_299' title='bbox 829 3791 942 3848; x_wconf 92' lang='lat' dir='ltr'>dictum</span> <span class='ocrx_word' id='word_1_300' title='bbox 976 3805 1020 3848; x_wconf 91' lang='lat' dir='ltr'>est</span> <span class='ocrx_word' id='word_1_301' title='bbox 1050 3794 1131 3868; x_wconf 92' lang='lat' dir='ltr'>quod</span> <span class='ocrx_word' id='word_1_302' title='bbox 1159 3791 1209 3851; x_wconf 90' lang='lat' dir='ltr'>ille</span> <span class='ocrx_word' id='word_1_303' title='bbox 1238 3794 1326 3869; x_wconf 84' lang='lat' dir='ltr'>panis</span> 
     </span>
    </p>
   </div>
   <div class='ocr_carea' id='block_1_3' title="bbox 338 3876 1325 3955">
    <p class='ocr_par' dir='ltr' id='par_1_3' title="bbox 338 3876 1325 3955">
     <span class='ocr_line' id='line_1_39' title="bbox 338 3876 1325 3955; baseline 0.005 -22"><span class='ocrx_word' id='word_1_304' title='bbox 338 3876 389 3950; x_wconf 94' lang='lat' dir='ltr'>qui</span> <span class='ocrx_word' id='word_1_305' title='bbox 415 3890 458 3933; x_wconf 88' lang='lat' dir='ltr'>est</span> <span class='ocrx_word' id='word_1_306' title='bbox 484 3877 513 3932; x_wconf 92' lang='lat' dir='ltr'>in</span> <span class='ocrx_word' id='word_1_307' title='bbox 538 3877 589 3934; x_wconf 87' lang='lat' dir='ltr'>illa</span> <span class='ocrx_word' id='word_1_308' title='bbox 614 3877 711 3934; x_wconf 87' lang='lat' dir='ltr'>hostia</span> <span class='ocrx_word' id='word_1_309' title='bbox 736 3891 780 3933; x_wconf 82' lang='lat' dir='ltr'>est</span> <span class='ocrx_word' id='word_1_310' title='bbox 796 3896 865 3934; x_wconf 80' lang='lat' dir='ltr'>rere</span> <span class='ocrx_word' id='word_1_311' title='bbox 881 3891 910 3935; x_wconf 93' lang='lat' dir='ltr'>et</span> <span class='ocrx_word' id='word_1_312' title='bbox 931 3879 1054 3937; x_wconf 85' lang='lat' dir='ltr'>realiter</span> <span class='ocrx_word' id='word_1_313' title='bbox 1074 3898 1184 3955; x_wconf 91' lang='lat' dir='ltr'>corpus</span> <span class='ocrx_word' id='word_1_314' title='bbox 1201 3879 1325 3955; x_wconf 89' lang='lat' dir='ltr'>Christi,</span> 
     </span>
    </p>
   </div>
   <div class='ocr_carea' id='block_1_4' title="bbox 334 4087 1326 4353">
    <p class='ocr_par' dir='ltr' id='par_1_4' title="bbox 334 4087 1326 4353">
     <span class='ocr_line' id='line_1_40' title="bbox 388 4087 1326 4144; baseline 0 -12"><span class='ocrx_word' id='word_1_315' title='bbox 388 4087 407 4132; x_wconf 82' lang='lat'>5.</span> <span class='ocrx_word' id='word_1_316' title='bbox 423 4090 443 4130; x_wconf 98' lang='lat' dir='ltr'>A</span> <span class='ocrx_word' id='word_1_317' title='bbox 459 4088 481 4130; x_wconf 89' lang='lat' dir='ltr'>in</span> <span class='ocrx_word' id='word_1_318' title='bbox 498 4100 586 4141; x_wconf 56' lang='lat' dir='ltr'>mare:</span> <span class='ocrx_word' id='word_1_319' title='bbox 603 4088 705 4142; x_wconf 79' lang='lat' dir='ltr'>Questio.</span> <span class='ocrx_word' id='word_1_320' title='bbox 801 4120 806 4129; x_wconf 93' lang='lat'>.</span> <span class='ocrx_word' id='word_1_321' title='bbox 828 4088 847 4129; x_wconf 85' lang='grc' dir='ltr'><strong>Λ</strong></span> <span class='ocrx_word' id='word_1_322' title='bbox 865 4089 887 4132; x_wconf 87' lang='lat' dir='ltr'>in</span> <span class='ocrx_word' id='word_1_323' title='bbox 904 4102 981 4143; x_wconf 85' lang='lat' dir='ltr'>marg:</span> <span class='ocrx_word' id='word_1_324' title='bbox 996 4089 1133 4144; x_wconf 74' lang='lat' dir='ltr'>Responsio.</span> <span class='ocrx_word' id='word_1_325' title='bbox 1188 4102 1218 4134; x_wconf 81' lang='lat' dir='ltr'>ra.</span> <span class='ocrx_word' id='word_1_326' title='bbox 1233 4089 1326 4135; x_wconf 58' lang='lat' dir='ltr'>cudda</span> 
     </span>
     <span class='ocr_line' id='line_1_41' title="bbox 335 4140 1325 4204; baseline 0.003 -22"><span class='ocrx_word' id='word_1_327' title='bbox 335 4151 383 4182; x_wconf 80' lang='lat' dir='ltr'>nou</span> <span class='ocrx_word' id='word_1_328' title='bbox 403 4141 477 4182; x_wconf 84' lang='lat' dir='ltr'>solum</span> <span class='ocrx_word' id='word_1_329' title='bbox 499 4140 540 4182; x_wconf 85' lang='lat' dir='ltr'>hec</span> <span class='ocrx_word' id='word_1_330' title='bbox 565 4140 651 4183; x_wconf 76' lang='lat' dir='ltr'>hostia.</span> <span class='ocrx_word' id='word_1_331' title='bbox 733 4152 758 4183; x_wconf 87' lang='grc' dir='ltr'>ιι.</span> <span class='ocrx_word' id='word_1_332' title='bbox 820 4142 843 4184; x_wconf 84' lang='lat' dir='ltr'>lu</span> <span class='ocrx_word' id='word_1_333' title='bbox 866 4154 952 4204; x_wconf 56' lang='lat' dir='ltr'>murga</span> <span class='ocrx_word' id='word_1_334' title='bbox 975 4143 1076 4197; x_wconf 80' lang='lat' dir='ltr'>Questio.</span> <span class='ocrx_word' id='word_1_335' title='bbox 1097 4141 1186 4186; x_wconf 78' lang='lat' dir='ltr'>codd:</span> <span class='ocrx_word' id='word_1_336' title='bbox 1208 4142 1325 4187; x_wconf 72' lang='lat' dir='ltr'>localiter.</span> 
     </span>
     <span class='ocr_line' id='line_1_42' title="bbox 336 4190 1250 4248; baseline 0.005 -14"><span class='ocrx_word' id='word_1_337' title='bbox 336 4190 420 4243; x_wconf 70' lang='lat' dir='ltr'>13-r4.</span> <span class='ocrx_word' id='word_1_338' title='bbox 440 4194 474 4235; x_wconf 88' lang='lat' dir='ltr'>A:</span> <span class='ocrx_word' id='word_1_339' title='bbox 494 4193 535 4234; x_wconf 76' lang='lat' dir='ltr'>hec</span> <span class='ocrx_word' id='word_1_340' title='bbox 547 4192 624 4234; x_wconf 83' lang='lat' dir='ltr'>hostia</span> <span class='ocrx_word' id='word_1_341' title='bbox 634 4203 714 4245; x_wconf 67' lang='lat' dir='ltr'>prnmo</span> <span class='ocrx_word' id='word_1_342' title='bbox 729 4203 814 4248; x_wconf 79' lang='lat' dir='ltr'>corpur</span> <span class='ocrx_word' id='word_1_343' title='bbox 829 4194 923 4237; x_wconf 76' lang='lat' dir='ltr'>Domini</span> <span class='ocrx_word' id='word_1_344' title='bbox 941 4199 975 4237; x_wconf 81' lang='lat' dir='ltr'>est</span> <span class='ocrx_word' id='word_1_345' title='bbox 989 4200 1101 4247; x_wconf 80' lang='lat' dir='ltr'>creatum,</span> <span class='ocrx_word' id='word_1_346' title='bbox 1114 4195 1161 4238; x_wconf 77' lang='lat' dir='ltr'>alii</span> <span class='ocrx_word' id='word_1_347' title='bbox 1172 4200 1250 4239; x_wconf 74' lang='lat' dir='ltr'>anim</span> 
     </span>
     <span class='ocr_line' id='line_1_43' title="bbox 334 4243 1325 4303; baseline 0.005 -17"><span class='ocrx_word' id='word_1_348' title='bbox 334 4250 441 4288; x_wconf 79' lang='lat' dir='ltr'>movetur</span> <span class='ocrx_word' id='word_1_349' title='bbox 455 4245 497 4287; x_wconf 84' lang='lat' dir='ltr'>hec</span> <span class='ocrx_word' id='word_1_350' title='bbox 509 4244 588 4287; x_wconf 77' lang='lat' dir='ltr'>hostia</span> <span class='ocrx_word' id='word_1_351' title='bbox 603 4256 640 4286; x_wconf 83' lang='lat' dir='ltr'>see</span> <span class='ocrx_word' id='word_1_352' title='bbox 655 4244 737 4303; x_wconf 82' lang='lat' dir='ltr'>below.</span> <span class='ocrx_word' id='word_1_353' title='bbox 800 4243 829 4288; x_wconf 87' lang='lat' dir='ltr'>r3.</span> <span class='ocrx_word' id='word_1_354' title='bbox 844 4247 866 4290; x_wconf 93' lang='lat' dir='ltr'>A</span> <span class='ocrx_word' id='word_1_355' title='bbox 881 4246 904 4289; x_wconf 88' lang='lat' dir='ltr'>in</span> <span class='ocrx_word' id='word_1_356' title='bbox 921 4258 995 4302; x_wconf 83' lang='lat' dir='ltr'>marg.</span> <span class='ocrx_word' id='word_1_357' title='bbox 1003 4246 1162 4303; x_wconf 63' lang='lat' dir='ltr'>ellesponto.</span> <span class='ocrx_word' id='word_1_358' title='bbox 1216 4244 1249 4293; x_wconf 80' lang='lat'>³3.</span> <span class='ocrx_word' id='word_1_359' title='bbox 1300 4246 1325 4291; x_wconf 84' lang='lat' dir='ltr'>in</span> 
     </span>
     <span class='ocr_line' id='line_1_44' title="bbox 338 4294 973 4353; baseline 0.005 -14"><span class='ocrx_word' id='word_1_360' title='bbox 338 4309 425 4350; x_wconf 53' lang='lat' dir='ltr'>murga</span> <span class='ocrx_word' id='word_1_361' title='bbox 442 4296 545 4351; x_wconf 82' lang='lat' dir='ltr'>Questr&#39;o.</span> <span class='ocrx_word' id='word_1_362' title='bbox 612 4294 646 4350; x_wconf 79' lang='lat'>37.</span> <span class='ocrx_word' id='word_1_363' title='bbox 661 4297 683 4338; x_wconf 93' lang='lat' dir='ltr'>A</span> <span class='ocrx_word' id='word_1_364' title='bbox 695 4308 718 4338; x_wconf 89' lang='grc' dir='ltr'>ιιι</span> <span class='ocrx_word' id='word_1_365' title='bbox 734 4309 820 4351; x_wconf 54' lang='lat' dir='ltr'>murga</span> <span class='ocrx_word' id='word_1_366' title='bbox 836 4298 973 4353; x_wconf 80' lang='lat' dir='ltr'>Responsio.</span> 
     </span>
    </p>
   </div>
   <div class='ocr_carea' id='block_1_5' title="bbox 392 4419 879 4490">
    <p class='ocr_par' dir='ltr' id='par_1_5' title="bbox 392 4419 879 4490">
     <span class='ocr_line' id='line_1_45' title="bbox 392 4419 879 4490; baseline 0.004 -20"><span class='ocrx_word' id='word_1_367' title='bbox 392 4420 431 4471; x_wconf 81' lang='lat'>15.</span> <span class='ocrx_word' id='word_1_368' title='bbox 452 4419 492 4470; x_wconf 87' lang='lat' dir='ltr'>Cf.</span> <span class='ocrx_word' id='word_1_369' title='bbox 510 4421 549 4470; x_wconf 86' lang='lat' dir='ltr'>Dc</span> <span class='ocrx_word' id='word_1_370' title='bbox 567 4419 739 4484; x_wconf 81' lang='lat' dir='ltr'>Eucharistia,</span> <span class='ocrx_word' id='word_1_371' title='bbox 759 4437 818 4489; x_wconf 85' lang='lat' dir='ltr'>pag.</span> <span class='ocrx_word' id='word_1_372' title='bbox 839 4423 879 4490; x_wconf 85' lang='lat'>39.</span> 
     </span>
    </p>
   </div>
   <div class='ocr_carea' id='block_1_6' title="bbox 0 0 1558 5130">
    <p class='ocr_par' dir='ltr' id='par_1_6' title="bbox 0 0 1558 5130">
     <span class='ocr_line' id='line_1_46' title="bbox 0 0 1558 5130; baseline 0 0"><span class='ocrx_word' id='word_1_373' title='bbox 0 0 1558 5130; x_wconf 95' lang='lat' dir='ltr'> </span> 
     </span>
    </p>
   </div>
  </div>
 </body>
</html>
