3098 5130
582 494 671 546 orus
690 495 942 544 evnnortrctm
964 494 1027 544 tin.
1048 494 1088 543 nt.
1126 476 1209 561 [car.
1223 490 1334 535 xxxix.

343 672 454 728 corpus
477 654 604 727 Christi,
629 668 658 711 et
682 653 785 711 habito
814 655 871 711 hoc
903 673 920 711 a
945 653 1127 728 Berengario
1152 653 1233 711 misit
1257 673 1334 729 gau·

343 743 449 798 denter
472 741 503 799 in
527 742 686 799 Franciam
711 755 803 818 atque
827 741 1022 798 Germaniam
1046 743 1202 815 quomodo
1218 743 1335 799 lieren·

343 827 445 903 gorius
469 829 552 904 prius
570 828 719 888 hereticus
739 830 778 887 ad
796 829 885 885 fidem
904 828 1086 886 catholicam
1103 842 1147 886 est
1164 842 1333 903 correctus,

342 928 376 972 ut
400 929 483 991 patet
507 920 551 973 De
575 917 665 973 Cons.
691 916 758 977 dist.
782 918 816 978 11.
841 916 910 993 Ego
933 916 1146 994 Berengarius.

125 1010 333 1074 Eritencenfqrnqe
387 1005 468 1060 Istud
501 1017 601 1061 autem
635 1004 822 1079 quadruplex
860 1002 1068 1061 testimouium
1106 1022 1198 1078 supra
1237 1002 1360 1065 fidem5

132 1064 327 1174 eorpluysmqpnsn
343 1091 490 1166 scripture
511 1088 516 1168 Ι
539 1105 671 1149 moveret
694 1091 791 1149 eidem
816 1090 969 1149 sentencie
992 1090 1171 1148 consentire.
1195 1093 1233 1147 Et
1249 1090 1332 1149 idem

342 1178 437 1235 tercio
466 1192 549 1253 patet
573 1196 606 1235 ex
629 1178 804 1235 testimonio
829 1181 912 1254 quod
936 1192 1074 1253 acceptat
1098 1197 1169 1235 usus
1191 1177 1332 1236 ecclesie.

342 1267 419 1324 Nam
444 1266 474 1322 in
502 1265 662 1324 festivitate
692 1265 828 1340 corporis
851 1265 962 1323 Christi
991 1265 1034 1323 sic
1063 1278 1165 1323 cantat
1188 1264 1332 1323 ecclesia:

578 1354 701 1410 Verbum
725 1372 795 1410 caro
815 1371 920 1430 panem
945 1372 1046 1410 rerum

621 1441 713 1498 Verbo
737 1459 855 1497 carnem
879 1441 981 1517 efficit,
1347 1465 1379 1500 ro

570 1528 674 1602 Fitque
695 1529 817 1607 sanguis
844 1528 956 1584 Christi
978 1546 1100 1597 merum,

614 1615 682 1672 Etsi
703 1633 805 1672 sersus
828 1615 933 1694 dejicit.

571 1703 618 1758 Ad
632 1703 819 1779 firmandum
844 1721 897 1759 cor
917 1703 1063 1759 sincerum

615 1791 685 1846 Sola
700 1789 781 1868 fides
802 1790 921 1866 sufficit.

386 1875 455 1933 Sive
487 1890 587 1934 autem
616 1878 752 1935 Thomas
785 1878 822 1933 de
850 1876 971 1951 Aquino
1000 1875 1205 1950 composuerit
1237 1875 1375 1939 istum15

342 1982 500 2039 ympnum,
533 1979 565 2021 ut
592 1966 711 2021 Fratres
740 1964 821 2038 prius
851 1964 998 2020 finxerant
1022 1976 1050 2020 et
1079 1965 1273 2038 postmodum
1300 1963 1331 2020 in

343 2050 463 2126 scriptis
486 2050 547 2107 suis
572 2052 777 2108 revocaverint
800 2052 856 2108 ista
885 2053 976 2108 verba
1004 2064 1160 2126 tamquam
1185 2050 1330 2122 heretica,

342 2158 404 2195 non
428 2151 471 2195 est
495 2157 582 2209 cura;
607 2138 761 2195 evidencia
785 2152 888 2196 tamen
912 2151 957 2195 est
980 2139 1062 2212 quod
1091 2137 1218 2195 ecclesia
1247 2156 1330 2196 com·

345 2224 476 2282 munirer
500 2225 555 2283 ista
580 2240 708 2283 cantans
732 2239 871 2301 acceptat
894 2226 959 2300 ipsa
983 2240 1140 2300 tamquam
1169 2224 1331 2286 catholica.

343 2316 405 2371 Nec
437 2325 481 2370 est
513 2313 590 2370 alius
623 2331 727 2369 sensus
763 2313 920 2387 lingendus
954 2312 1002 2369 isti
1031 2311 1130 2369 versui
1165 2311 1223 2369 nisi
1246 2314 1330 2385 quod
1343 2340 1377 2375 20

343 2403 467 2458 verbum
493 2400 546 2457 Dei
572 2400 711 2457 dominus
732 2404 815 2457 lesus
836 2400 973 2458 Christus
998 2399 1067 2457 fecit
1090 2417 1200 2474 panem
1224 2417 1329 2457 verum

342 2488 452 2546 virtute
480 2488 563 2546 verbi
592 2486 637 2543 sui
667 2506 731 2544 esse
755 2489 800 2544 vel
828 2487 918 2544 fuisse
947 2488 1010 2544 eius
1039 2505 1162 2544 carnem
1193 2500 1223 2543 et
1246 2489 1330 2562 quod

345 2578 458 2632 bonum
492 2576 596 2633 vinum
630 2587 659 2630 et
692 2576 807 2631 clarum
842 2575 875 2632 fit
912 2574 1036 2648 sanguis
1069 2572 1180 2631 Christi
1219 2572 1331 2633 virtute

344 2662 495 2721 dictorum
521 2665 680 2720 verborum
707 2662 761 2718 etsi
786 2680 888 2719 sensus
912 2662 1008 2739 deficit
1031 2661 1110 2719 istud
1135 2679 1330 2736 cognoscere.

172 2754 286 2817 t'rornrhe
389 2752 475 2807 Unde
507 2752 673 2806 secundum
707 2748 914 2806 testimonium
950 2748 1100 2823 accipitur
1138 2751 1175 2805 de
1208 2750 1376 2813 Secretari

184 2807 272 2852 M¹⁵⁵²¹¹'
347 2838 445 2895 medie
469 2837 557 2894 misse
574 2836 689 2894 Natalis
706 2836 840 2907 Domini,
864 2836 914 2892 ubi
938 2850 1005 2894 orat
1029 2835 1155 2893 ecclesia
1178 2848 1211 2892 ut
1235 2835 1333 2893 credit

345 2925 417 2982 satis
450 2924 597 2982 catholice
630 2925 711 2998 quod
743 2925 816 2980 sicut
844 2925 929 2980 homo
957 2924 1074 3001 genitus
1097 2923 1215 2997 refulsit
1238 2923 1332 2993 Deus,

344 3013 386 3069 sic
413 3013 465 3069 tec
492 3024 610 3069 terrena
638 3011 803 3067 substancia
833 3011 913 3067 nobis
936 3011 1072 3086 conserat
1095 3010 1172 3085 qnod
1200 3010 1329 3067 divinum

345 3112 395 3156 est.
429 3102 490 3156 Nec
519 3100 595 3156 foret
625 3098 723 3172 ipsum
753 3100 791 3155 ad
821 3098 1010 3172 propositum
1044 3096 1101 3154 nisi
1132 3098 1187 3155 hec
1209 3110 1330 3155 terrena

345 3185 516 3244 substancia
541 3200 609 3261 post
633 3185 896 3243 consecracionem
921 3185 1017 3242 hostie
1041 3197 1220 3242 remaneret.
1341 3196 1376 3246 30

387 3273 529 3330 Tercium
555 3286 654 3330 autem
680 3273 888 3329 testimonium
919 3286 962 3328 est
986 3275 1108 3329 Secreta
1131 3269 1202 3329 ferie
1223 3284 1331 3345 quarte

345 3363 484 3432 Quatuor
511 3375 683 3435 temporum
708 3359 904 3434 Septembris,
937 3358 989 3415 ubi
1013 3358 1140 3416 ecclesia
1168 3357 1331 3415 confitetur

344 3450 425 3522 quod
451 3449 532 3506 Deus
562 3466 601 3504 ex
633 3448 688 3504 titis
720 3459 800 3503 terre
814 3447 966 3523 fructibus
992 3446 1103 3503 scilicet
1117 3447 1273 3522 frumento
1301 3457 1330 3502 et

345 3537 410 3593 virro
447 3548 632 3593 sacramenta
669 3553 723 3591 sua
761 3546 897 3591 constare
928 3534 1029 3595 voluit.
1069 3536 1105 3590 Et
1138 3545 1257 3591 constat
1294 3550 1329 3590 ex

343 3622 570 3698 significacione
602 3621 691 3679 huius
719 3621 801 3678 verbi
830 3635 969 3678 constare
997 3622 1079 3695 quod
1103 3618 1230 3678 ecclesia
1252 3618 1328 3677 illud
1339 3631 1373 3684 35

343 3710 439 3768 noluit
471 3711 552 3786 quod
585 3709 695 3765 virtute
729 3708 951 3766 benediccionis
979 3707 1066 3782 panis
1095 3721 1124 3764 et
1147 3707 1250 3765 vinum
1275 3708 1328 3764 de-

343 3797 485 3868 sinerent,
510 3800 582 3854 dum
608 3796 776 3871 inciperent
801 3795 926 3853 ecclesie
951 3814 1014 3853 esse
1037 3808 1238 3854 sacramenta.

394 4092 415 4133 8.
431 4091 451 4133 Α
468 4089 490 4132 in
506 4100 595 4140 uturp:
619 4087 675 4130 l'strs
696 4087 797 4129 ecclesie.
818 4097 836 4128 ι.
913 4102 935 4139 o.
963 4088 997 4129 A:
1019 4086 1117 4129 Parrum.
1184 4085 1213 4131 15.
1235 4084 1328 4131 coda:

341 4143 450 4198 illqutrro.
518 4152 548 4194 ut.
565 4140 594 4183 lt:
615 4141 659 4182 ista
674 4144 798 4193 tamquam
880 4139 910 4182 25.
932 4140 952 4181 A
973 4139 995 4182 in
1015 4150 1100 4193 murga
1124 4148 1145 4181 ·.‘.
1213 4136 1243 4183 31.
1266 4139 1289 4182 Α
1303 4138 1328 4182 in

343 4207 429 4249 muru:
444 4207 470 4248 3.

397 4303 420 4352 5.
444 4302 546 4351 Decreti
570 4301 649 4350 tercia
673 4314 740 4365 pars,
770 4300 807 4348 lle
832 4300 921 4360 Cous„
952 4300 1011 4349 dist,
1035 4300 1065 4361 ll,
1095 4314 1152 4364 cap.
1178 4298 1257 4359 XLll,
1288 4296 1328 4349 15.

343 4392 367 4440 o.
381 4372 421 4423 Cf.
435 4373 578 4422 Sermones
597 4370 626 4431 ll,
644 4370 705 4435 459.
742 4383 783 4433 27.
797 4370 890 4419 Sarum
904 4368 993 4418 Missal
1006 4370 1047 4418 ed.
1062 4368 1206 4419 Diekinson
1218 4366 1271 4419 col.
1285 4364 1328 4419 58.

344 4444 385 4496 33.
404 4442 440 4491 ld.
460 4442 518 4491 Col.
539 4440 596 4503 540.
616 4438 655 4489 Cf.
675 4440 816 4489 Sermones
834 4438 865 4501 ll,
882 4440 943 4501 454.
