3098 5130
175 465 241 510 cin.
258 449 301 539 u]
466 473 509 522 m:
531 472 767 522 Iurrcuatsro
788 474 850 522 cro.
872 475 899 523 ιι.

175 651 285 688 nomen
320 633 511 706 prolaciones
536 633 680 708 dispares,
714 647 746 689 ut
781 648 864 708 patet
892 635 923 691 in
946 635 1083 709 Anglico.
1125 640 1160 692 Et

176 735 323 777 consonat
339 721 527 794 evangelium
546 721 672 777 Matthei
697 723 797 792 XXVI,
823 723 874 797 bo,
899 723 992 780 Marci
1010 725 1083 786 xlv,
1111 742 1159 800 70,

176 821 204 864 et
229 810 308 864 leuce
338 809 425 878 XXII,
461 825 515 884 59:
554 808 594 864 Et
626 819 656 863 tu
680 826 718 864 ex
742 809 891 884 discipuh's
929 811 989 866 eius
1021 830 1060 880 es,
1093 812 1160 886 quia

179 895 309 951 Galileus
332 913 370 951 es.
401 896 478 950 Nem
503 906 529 952 et
552 896 665 970 loquela
689 906 738 951 tua
756 897 941 970 menifestum
965 910 992 953 te
1008 897 1096 972 facit.
1124 901 1160 954 Et

150 975 217 1037 5sic
243 981 377 1039 creditur
401 985 482 1056 quod
508 984 621 1039 Pascha
646 985 776 1040 Grecum
801 983 901 1058 signat
924 985 1107 1059 passionem.

219 1067 376 1126 Moralizat
400 1083 501 1126 autem
520 1069 705 1143 Augustinus
723 1070 838 1127 Pascha
862 1073 944 1145 quod
968 1085 1054 1128 notat
1078 1085 1159 1128 tran·
1219 1098 1278 1143 How
1292 1101 1331 1143 the

175 1154 264 1211 situm
290 1155 319 1213 in
345 1158 452 1228 Ebreo,
488 1160 644 1231 quomodo
668 1156 766 1231 signat
795 1159 832 1214 ad
856 1158 972 1216 literam
998 1158 1158 1215 transitum
1184 1154 1357 1248 pi⁵⁵⁰eviriiis³

176 1242 306 1300 filiorum
332 1244 423 1300 Israel
449 1246 485 1300 de
503 1243 621 1319 Egipto,
647 1258 675 1301 et
700 1244 777 1300 sicut
801 1246 925 1319 angelus
943 1245 1082 1303 transivit
1106 1264 1160 1319 per
1196 1216 1260 1300 clepet
1275 1257 1353 1318 ptrue

175 1332 282 1387 domos
307 1330 439 1387 liliorum
458 1331 546 1388 Israel
563 1333 788 1402 salvandorum,
813 1345 842 1388 et
866 1332 917 1389 uhi
941 1332 1080 1390 inventus
1104 1332 1160 1389 luit
1219 1309 1324 1352 P⁸⁸⁸¹⁰¹¹'

174 1417 294 1491 sanguis
327 1417 396 1491 agni
426 1436 517 1492 super
545 1432 661 1492 postem
686 1418 798 1488 linitus,
832 1422 957 1475 domum
986 1420 1068 1476 illam
1093 1438 1159 1494 per·

134 1504 292 1561 ¹01ransiit
317 1518 345 1561 et
372 1523 436 1561 non
460 1505 564 1561 nocuit
589 1504 725 1574 Hebreis‚
760 1505 837 1561 sicut
862 1508 990 1563 nocebat
1016 1506 1158 1580 Egipciis‚

174 1591 291 1648 sicubi
324 1592 471 1648 liniuntur
504 1592 658 1649 christiani
683 1592 882 1666 spiritualiter
916 1594 1061 1668 sanguine
1090 1593 1158 1667 agni

176 1678 279 1734 mundi
304 1679 334 1735 in
352 1680 466 1736 Pascha
490 1679 613 1750 Christi,
638 1679 806 1736 liberantur
829 1683 866 1736 ab
885 1681 1045 1755 Egipciaca
1069 1680 1159 1736 servi-

176 1779 238 1822 tute
262 1765 374 1822 diaboli
399 1768 583 1822 transeundo
608 1770 646 1823 ad
670 1767 841 1824 libertatem
868 1767 920 1824 filii
939 1768 1002 1825 Dei.
1028 1771 1064 1824 Et
1088 1767 1159 1824 hinc

174 1867 315 1927 satagunt
332 1853 488 1910 christiani
506 1854 587 1928 quod
605 1855 765 1929 columpne
791 1854 859 1911 fidei
877 1869 1032 1930 tamquam
1058 1868 1159 1930 postes

135 1939 371 2013 r5spiritualiter
396 1941 535 2014 passione
559 1941 682 1997 Domini
706 1941 766 1998 sint
790 1942 884 1998 linire.
912 1945 948 1999 Et
972 1944 1159 1999 concordant

174 2026 333 2084 nominum
372 2027 640 2102 interpretaciones
678 2029 784 2106 Egipti
820 2032 900 2102 quod
942 2030 1159 2103 interpretatur

175 2115 291 2170 tenebra
321 2130 348 2171 et
381 2116 476 2171 Israel
506 2118 588 2189 quod
617 2115 833 2190 interpretatur
858 2117 902 2171 vir
926 2116 1024 2172 videus
1048 2117 1160 2185 Deum,·

175 2216 203 2257 et
227 2201 303 2258 sicut
327 2201 443 2277 Egipcii
467 2221 521 2276 per
545 2221 628 2258 mare
652 2204 690 2258 ad
714 2202 868 2259 interitum
897 2204 1090 2272 transierunt,
1116 2203 1158 2259 sic

175 2287 311 2346 infideles
344 2290 395 2362 qui
428 2308 489 2346 non
514 2289 691 2363 sanguinem
723 2290 844 2346 Domini
873 2303 944 2346 sunt
967 2290 1044 2346 liniti
1078 2304 1158 2347 tran·

130 2389 262 2432 eoseum
301 2394 353 2448 per
386 2390 514 2433 mortem
547 2379 584 2432 ad
617 2375 783 2447 interitum,
813 2377 951 2433 fidelibus
975 2396 991 2434 a
1016 2377 1159 2433 servitute

174 2462 285 2518 diaboli
310 2462 453 2520 liberatis.
480 2466 515 2519 Et
532 2462 661 2520 breviter
684 2477 788 2520 notata
812 2477 875 2521 tota
893 2464 1017 2521 historia
1043 2463 1158 2520 mistice

175 2563 274 2622 potest
297 2551 404 2624 exponi
429 2550 556 2624 quilibet
580 2569 681 2607 sermo
705 2550 779 2608 eius.

218 2639 358 2694 Secundo
392 2650 498 2694 notant
530 2637 633 2694 fideles
672 2656 705 2693 ex
740 2638 895 2711 evangelio
928 2652 955 2694 et
988 2637 1156 2712 Augustino
1185 2647 1352 2709 Christ‘stove

174 2727 329 2798 quomodo
363 2725 490 2781 dileccio
514 2724 625 2781 Christi
658 2743 718 2798 qua
751 2724 849 2798 diligit
875 2727 1010 2782 membra
1034 2744 1088 2782 sua
1113 2701 1370 2796 estmemfi’errlissthe

131 2814 293 2868 25summa
317 2812 453 2882 dileccio,
488 2813 570 2884 quod
599 2811 723 2868 eliciunt
747 2830 780 2868 ex
805 2811 861 2867 hiis
885 2812 993 2868 tribus:
1033 2812 1156 2869 Sincera
1219 2805 1318 2860 highest.

173 2898 296 2972 quidem
330 2898 457 2956 dileccio
495 2898 661 2955 attenditur
693 2917 784 2972 penes
820 2900 876 2957 hoc
909 2900 990 2974 quod
1019 2900 1156 2973 providet

174 2985 283 3043 dilecto
306 2985 448 3060 suffragia
483 2985 513 3041 in
546 2987 619 3042 hora
647 2986 844 3058 necessitatis,
883 2988 974 3044 donat
998 2987 1053 3043 sibi
1079 2989 1157 3044 bona

174 3072 269 3146 magis
293 3072 379 3130 utilia
403 3093 461 3146 que
485 3087 554 3129 sunt
579 3092 634 3146 pro
658 3073 790 3147 presenti
816 3073 939 3130 maioris
964 3073 1103 3131 utilitatis
1128 3088 1156 3130 et

173 3174 344 3235 perseverat
377 3161 407 3216 in
432 3160 644 3217 benevolencia
677 3161 799 3218 maioris
823 3161 1032 3218 durabilitatis.
1073 3161 1157 3218 Sicut

131 3247 254 3304 aoenim
272 3248 408 3304 Christus
420 3247 600 3305 confortavit
616 3265 685 3303 suos
703 3247 878 3321 discipulos,
896 3251 1019 3323 quando
1036 3249 1156 3305 fuerunt

174 3334 307 3392 hostibus
332 3335 466 3409 undique
490 3333 700 3409 circumsepti3
739 3335 782 3393 sic
811 3336 962 3392 confortat
986 3335 1063 3392 filios
1087 3355 1157 3392 suos

173 3422 203 3477 in
229 3421 334 3479 mortis
358 3421 496 3490 articulo,
521 3424 644 3495 quando
667 3436 737 3477 sunt
762 3421 873 3479 insultu
892 3422 1004 3479 diaboli
1029 3423 1156 3479 circum·

173 3507 252 3580 dati;
276 3523 305 3565 et
328 3507 404 3565 sicut
422 3508 559 3566 Christus
584 3508 708 3565 donavit
731 3509 792 3566 suis
817 3509 973 3583 discipulis
997 3529 1057 3566 non
1081 3523 1157 3566 tem-

173 3596 277 3671 porale
315 3595 481 3652 subsidium
507 3596 558 3652 sed
591 3595 747 3670 spirituale
779 3596 966 3670 suffragium,
1002 3599 1083 3670 quod
1112 3609 1157 3652 est

131 3687 160 3739 35
174 3681 338 3754 humilitas,
364 3683 406 3740 sIc
431 3685 482 3739 dat
507 3682 585 3740 caris
610 3683 671 3739 suis
694 3701 755 3739 non
781 3685 878 3740 solum
905 3685 1064 3755 corporale
1087 3685 1156 3739 sub-

173 3769 283 3826 sidium
319 3773 370 3826 sed
401 3772 514 3826 bonum
539 3770 639 3827 anime
668 3773 749 3844 quod
784 3785 827 3827 est
865 3770 973 3840 virtus;
1020 3784 1048 3827 et
1080 3771 1156 3826 sicut

173 3856 310 3914 Christus
327 3876 390 3914 non
407 3857 515 3914 desinit
533 3876 603 3914 suos
620 3857 755 3932 diligere,
781 3857 805 3914 si
829 3878 890 3914 non
907 3871 1020 3931 ponant
1037 3857 1153 3914 obicem

172 3944 203 4001 in
227 3962 258 4000 se
282 3943 365 4017 ipsis,
399 3945 441 4002 sic
471 3964 531 4002 non
565 3958 665 4019 potest
697 3947 861 4002 secundum
897 3943 1085 4002 divinitatem
1111 3946 1155 4000 vel

224 4268 239 4298 r.
256 4255 284 4297 B:
297 4255 456 4310 probacionec
513 4266 535 4307 9.
551 4256 584 4297 A:
599 4260 622 4297 et
635 4254 706 4296 deest.
749 4253 779 4296 ro.
796 4253 824 4295 B:
840 4257 893 4294 sunt
905 4252 978 4295 leniet.
1025 4263 1106 4305 19—21.
1122 4254 1154 4294 A:

170 4309 229 4350 sle·
242 4311 363 4350 transeunt
376 4305 447 4349 deest.
502 4318 537 4356 24.
552 4309 574 4350 A
590 4307 612 4349 in
628 4318 713 4357 marg:
730 4304 837 4349 Secunda
855 4311 919 4365 nola.
935 4303 996 4347 Nola
1011 4303 1075 4359 quod
1087 4303 1157 4347 dilec-

170 4372 207 4455 §go
216 4359 468 4456 ghrgpgldggptuiliglt
481 4359 583 4401 mentera
597 4370 640 4401 sua
655 4363 689 4401 est
701 4370 788 4400 suntme
803 4357 907 4399 dilectio.
949 4367 985 4409 29.
1001 4360 1035 4400 A:
1050 4360 1073 4398 el
1086 4357 1157 4400 deest.

1007 4483 1058 4548 ¹9*
