3030 5130
568 468 658 516 orus
677 466 930 516 uvnuoutscuu
952 467 1015 515 tun.
1034 466 1074 515 nt.
1120 449 1202 532 [cun.
1219 463 1321 508 txvru.

339 629 461 685 tradidit
486 648 542 684 non
562 647 620 704 pro
646 630 788 706 largitate
810 640 837 684 et
858 628 1005 704 parcitate
1027 630 1115 684 alteri
1136 628 1214 703 plus,
1238 629 1325 685 alteri

337 717 431 772 minus
454 717 593 785 tribuens,
626 716 678 772 sed
706 735 764 792 pro
787 717 992 793 accipiencium
1018 716 1142 772 viribus:
1180 717 1324 791 quomodo

337 816 364 861 et
387 805 545 880 Apostolus
569 822 617 860 eos
641 803 690 878 qui
711 804 836 860 solidum
862 804 955 859 eibum
980 822 1086 879 capere
1109 821 1164 858 uon
1185 814 1324 878 poterant

337 892 413 947 laete
432 903 550 966 potasse
581 910 611 947 se
644 891 721 963 dicit,
755 892 875 966 denique
905 902 932 947 et
955 889 1035 947 illum
1069 891 1118 966 qui
1145 891 1181 946 de
1203 891 1325 966 quinque

336 979 452 1035 talentis
485 979 582 1034 decem
614 979 733 1053 fecerat
757 978 856 1053 etqui
885 989 1012 1054 quatuor
1035 980 1071 1034 de
1103 978 1215 1034 duobus
1237 979 1344 1035 simili}

337 1066 444 1141 recepit
467 1067 594 1143 gaudio:
626 1084 681 1121 non
705 1066 894 1122 considerans
922 1066 998 1121 lueri
1020 1066 1252 1143 magnitudinem
1274 1067 1325 1122 sed

336 1153 427 1209 studii
449 1154 636 1209 voluntatem.
670 1154 702 1208 In
733 1154 858 1228 quinque
880 1164 908 1208 et
932 1154 1042 1209 duobus
1076 1164 1103 1208 et
1136 1170 1192 1208 uno
1216 1154 1325 1209 talento

338 1241 382 1297 nel
406 1241 538 1296 diuersas
569 1240 691 1318 gracias
724 1240 923 1317 intelligamus
952 1258 1008 1316 que
1040 1240 1190 1316 unicuique
1217 1241 1325 1296 tradite

335 1339 418 1396 sunt,·
451 1327 496 1383 uel
518 1328 545 1382 iu
566 1327 665 1402 primo
688 1345 786 1384 omnies
806 1345 908 1383 sensus
931 1327 1123 1394 examinatos,
1147 1327 1175 1383 in
1199 1329 1324 1384 secundo

337 1415 562 1492 intelligentiam
589 1426 616 1470 et
644 1433 743 1490 opera,
776 1415 804 1470 in
832 1415 923 1470 tercio
947 1415 1091 1471 racionem
1115 1433 1172 1490 qua
1196 1415 1360 1471 hominesm

335 1522 352 1557 a
376 1502 472 1558 bestiis
494 1519 675 1577 separamus.
701 1503 764 1558 Hec
787 1505 976 1574 jeronymus.

120 1596 320 1656 ructatemsarc
380 1589 507 1645 Videtur
532 1588 622 1645 istum
658 1602 796 1646 sanctum
833 1587 1000 1662 intelligere
1024 1606 1076 1662 per
1105 1590 1220 1645 talenta
1245 1590 1322 1644 dona

130 1649 184 1701 ωε
199 1654 222 1691 ⁰¹
237 1660 312 1702 μεθ’
338 1676 439 1750 gracie
456 1690 485 1733 et
509 1675 680 1750 specialiter
696 1675 882 1750 sapientiam
908 1675 995 1732 nobis
1012 1677 1127 1747 datam,
1152 1675 1225 1750 quia
1249 1675 1323 1732 sicut

338 1764 486 1820 talentum
512 1777 555 1819 est
579 1763 610 1819 in
633 1763 807 1820 substancia
832 1781 935 1819 verum
964 1782 1072 1819 aurum
1097 1776 1126 1818 et
1150 1762 1182 1818 in
1207 1762 1324 1837 quanti-

338 1864 400 1907 tate
424 1863 547 1907 moneta
572 1849 711 1913 maxima.
742 1850 784 1907 sic
809 1864 837 1907 et
855 1853 968 1907 donum
992 1849 1102 1924 gracie.
1127 1852 1189 1907 Nec
1214 1853 1359 1924 repugn}

338 1951 390 1994 nat
422 1940 474 1993 sed
499 1952 645 1995 consonat
674 1940 756 2012 quod
790 1937 876 1994 multi
910 1950 979 1994 sunt
1011 1939 1155 1994 habentes
1189 1936 1325 2011 quinque

339 2026 463 2095 talenta,
498 2025 569 2099 quia
603 2024 734 2098 apostoli
768 2038 796 2081 et
820 2025 871 2081 alii
896 2026 1039 2081 habentes
1068 2023 1323 2081 universalitatem

340 2114 490 2169 donorum
517 2111 580 2175 Dei,
606 2111 664 2168 alie
688 2125 789 2169 autem
815 2125 885 2169 sunt
909 2111 1045 2168 raciones
1070 2111 1101 2167 in
1123 2111 1266 2185 quinario
1290 2113 1325 2167 tle

339 2199 475 2274 quinque
499 2199 586 2256 donis
603 2199 726 2256 racione
749 2218 878 2272 quarum
896 2199 1034 2256 Christus
1058 2197 1210 2255 subtiliter
1227 2199 1325 2273 signat

340 2287 396 2344 ista
430 2305 483 2361 per
518 2287 668 2361 quinque3
707 2286 802 2342 etsie
835 2285 935 2361 signat
959 2304 1012 2360 per
1045 2288 1149 2342 decem
1175 2285 1363 2343 subtiliterto

341 2374 457 2449 premia
481 2376 638 2431 beatorum
664 2386 693 2430 et
717 2372 759 2429 sic
783 2375 820 2430 de
844 2376 961 2430 duobus
986 2386 1014 2430 et
1038 2386 1179 2448 quatuor.

141 2466 309 2539 Clutuuwuu
384 2461 588 2518 crisostomus
622 2474 723 2518 autem
757 2479 849 2535 super
886 2461 944 2517 isto
983 2474 1062 2516 textu
1102 2459 1144 2517 sic
1177 2460 1324 2535 loquitur:

150 2518 303 2614 kiiiieiiiiibt
345 2549 440 2604 Homo
470 2567 600 2626 peregre
629 2548 785 2624 projeetus
812 2549 947 2605 Christus
979 2559 1030 2616 est,
1066 2559 1134 2624 post
1173 2548 1325 2604 victoriam

175 2623 273 2666 tauhun.
338 2636 482 2711 passionis
504 2637 544 2691 ad
563 2646 679 2711 patrem
704 2634 808 2692 iturus.
832 2636 983 2692 Voluntate
1006 2635 1207 2692 misericordie
1223 2636 1327 2710 sactus

340 2735 382 2778 est
413 2725 508 2794 honio,
547 2740 602 2778 nou
637 2722 804 2778 necessitate
841 2734 952 2778 nature.
1001 2722 1193 2779 Commendat
1230 2725 1363 2778 autemut

344 2810 479 2866 Christus
514 2809 697 2866 dilectionem
730 2827 812 2865 suam
841 2828 927 2885 quam
961 2810 1045 2866 ltabet
1074 2810 1101 2864 in
1124 2809 1242 2866 sanctis.
1281 2811 1327 2864 Ad

339 2916 432 2974 regna
456 2909 551 2953 autem
576 2897 692 2953 celestia
716 2915 890 2953 ascensurus
914 2908 940 2953 et
962 2898 1003 2952 ad
1022 2908 1139 2973 patrem
1163 2915 1247 2952 snum
1272 2897 1325 2951 itu·

339 3003 390 3040 rus
414 2985 489 3040 unde
512 2985 711 3040 descenderat.
747 2984 878 3061 Peregre
900 3002 931 3039 se
954 2985 1062 3039 iturum
1087 2984 1165 3053 dicu,
1201 2995 1327 3059 propter

338 3072 494 3128 caritatem
511 3082 678 3127 sanctorum
703 3089 773 3145 quos
790 3070 948 3145 reliquerat
972 3071 1115 3136 interris,
1139 3088 1204 3125 cum
1230 3071 1326 3148 magis

335 3176 466 3235 peregre
482 3170 554 3214 esset
570 3158 597 3213 iu
615 3159 732 3225 rutundo,
754 3158 828 3214 sicut
852 3159 913 3234 ipse
935 3169 1068 3233 testatur,
1092 3158 1204 3214 dicens:
1228 3158 1325 3213 Incola
1337 3162 1366 3212 30

338 3245 413 3300 enim
437 3264 492 3322 ego
516 3263 579 3300 sum
604 3246 631 3300 in
655 3256 738 3300 terra
770 3247 850 3320 apud
872 3257 908 3301 te.
953 3245 1077 3312 Quando
1101 3245 1174 3300 enim
1200 3245 1326 3300 venitin

339 3334 476 3388 mundum
509 3333 592 3388 lesus
623 3334 719 3388 adltuc
738 3333 919 3410 peregrinus
951 3343 1026 3402 erat,
1054 3332 1194 3387 neminem
1219 3331 1327 3388 habens

338 3420 384 3476 sui
406 3420 528 3475 norninis
551 3420 766 3494 consessorem;
801 3430 954 3494 postquam
979 3431 1074 3474 autem
1100 3418 1257 3494 discipulos
1279 3437 1326 3474 ae·

339 3507 453 3581 quisiuit
488 3508 544 3562 iam
575 3507 794 3583 paterfamilias
817 3518 891 3576 erat,
930 3518 957 3562 et
989 3506 1052 3562 ideo
1079 3504 1268 3580 proficiscens
1291 3507 1327 3562 de

339 3595 446 3649 nnmdo
467 3613 596 3671 peregre
615 3593 868 3669 proficiscebatur.
903 3594 951 3649 Vis
973 3604 1069 3649 antem
1090 3592 1166 3648 scire
1187 3604 1324 3667 quantum
1338 3593 1365 3646 35

340 3681 437 3758 diligit
455 3681 535 3737 Dens
550 3680 658 3757 fideles
681 3683 771 3736 suos?
804 3681 964 3736 Considera
989 3681 1058 3754 quid
1077 3698 1184 3755 passus
1207 3691 1249 3735 est
1269 3698 1326 3755 pro

338 3767 405 3826 illis.
431 3768 464 3823 Si
486 3768 584 3845 magis
607 3786 691 3843 quam
715 3769 845 3844 gloriam
870 3787 952 3823 suam
977 3768 1043 3824 illos
1066 3766 1221 3835 assueverit,
1245 3767 1328 3842 quasi

392 4072 413 4112 n.
430 4057 513 4100 coda:
532 4057 695 4101 sensusdeest.
744 4069 773 4099 tt.
789 4058 809 4099 Α
825 4056 847 4099 in
864 4054 1090 4111 nnngntonames.
1146 4068 1177 4106 m.
1200 4057 1233 4098 A:
1253 4056 1325 4098 talen·

339 4115 385 4153 tum
400 4111 473 4153 nolis.
536 4123 569 4154 ue.
589 4111 610 4152 Α
625 4109 736 4162 inmutet:
754 4108 915 4151 Crt'snstnmns.
970 4106 1003 4150 23.
1020 4109 1049 4149 ll:
1065 4112 1100 4150 est
1112 4107 1184 4150 deest.
1244 4119 1280 4159 ts.
1296 4107 1324 4149 R:

337 4164 447 4215 patriam.
529 4165 564 4204 uti.
584 4164 618 4204 A:
634 4173 648 4203 a
664 4162 757 4204 sanctis.
845 4160 878 4202 30.
895 4163 927 4203 A:
947 4171 1052 4215 peregre
1072 4160 1148 4205 deest:
1171 4159 1188 4201 tt
1208 4160 1230 4201 in
1252 4171 1324 4211 niatu.

339 4217 410 4258 addit.
489 4214 517 4258 1⁴1.
533 4218 567 4257 A:
582 4216 642 4257 enlm
658 4214 735 4256 before
749 4225 794 4268 ego
809 4214 880 4256 deest.
954 4211 987 4255 33.
1002 4216 1035 4255 A:
1056 4212 1154 4255 numinis
1173 4210 1324 4267 conformem.

393 4343 415 4391 3.
437 4342 452 4388 l.
474 4342 534 4389 (jor.
556 4341 594 4401 ΙΙΙ,
619 4357 637 4387 t.
730 4338 754 4387 ΙΙ.
776 4341 791 4387 Ι.
812 4341 872 4387 Cor.
892 4339 957 4387 xlv.
1053 4339 1092 4390 23.
1112 4342 1163 4402 (lp.
1183 4338 1248 4403 lmp.
1268 4338 1283 4386 Ι.
1303 4353 1324 4387 c.

339 4426 397 4473 pag.
429 4409 576 4476 (ΙΙΙ-964.
649 4409 940 4466 30.1³satm.cxvttt‚
965 4425 1003 4474 ιι).
