3098 5130
51 995 145 1055 liissing
160 998 198 1039 tlte

41 1049 120 1103 pope's
135 1054 177 1091 luet
192 1049 211 1091 is

37 1108 75 1142 not
92 1102 216 1154 according

58 1159 81 1193 to
96 1153 195 1196 Clitisl's

60 1207 194 1248 ordinance.

35 2840 124 2882 l’rivate
138 2840 219 2882 orders

61 2893 104 2952 tait·
115 2892 136 2952 in
152 2893 198 2934 titis

75 2953 188 3000 ministry.

479 495 603 545 oratus
622 493 834 544 avanoatrct
855 493 918 546 tra.
937 492 979 542 rv.
1061 474 1143 559 [car.
1157 487 1223 531 vni.

238 653 280 710 sic
312 654 452 711 convenit
476 656 556 729 quod
585 653 667 711 mille
695 654 740 710 rel
773 653 921 728 quotlibet
955 651 1111 710 christiani
1135 652 1227 710 simul

239 741 340 797 lavent
364 741 466 797 multis
483 742 625 798 fratribus
641 740 702 798 suis
720 743 821 816 pedes,
846 759 915 797 cum
929 739 1078 815 quotlibet
1098 752 1226 814 possunt

239 827 331 884 simul
354 828 455 885 iuvare
479 842 574 886 totam
601 828 781 886 militantem
806 827 965 885 ecclesiam
990 828 1029 884 ad
1046 826 1226 885 affecciones

240 914 333 971 animi
358 918 595 990 expurgandum.

283 1005 318 1057 Et
343 1021 376 1058 ex
400 1003 463 1059 istis
487 1017 569 1078 patet
604 1005 687 1077 quod
719 1001 851 1076 dignitas
874 1014 971 1058 status
1004 1001 1049 1058 vel
1078 1020 1156 1076 pape
1180 1002 1253 1058 veli

239 1089 437 1164 alteriusque
454 1089 538 1164 ponit
559 1089 676 1147 obicem
700 1088 770 1146 huic
792 1087 962 1145 ministerio
979 1107 1012 1145 ex
1027 1087 1227 1146 ordinacione

240 1176 360 1232 Domini
385 1196 444 1232 non
478 1176 634 1251 processit.
677 1179 752 1232 Nam
788 1176 813 1234 si
851 1194 930 1251 papa
967 1176 1014 1232 vel
1056 1175 1228 1232 omittendo

239 1264 390 1338 corripere
413 1264 459 1320 vel
484 1264 640 1321 excitando
665 1262 849 1321 consenserit
880 1264 962 1338 quod
985 1276 1110 1319 vocetur
1138 1273 1228 1339 poter

239 1351 420 1407 beatissimas
444 1364 474 1407 et
507 1353 587 1426 quod
617 1349 729 1406 subditi
757 1350 802 1406 sui
827 1353 865 1408 ab
893 1349 959 1424 ipso
983 1362 1087 1425 petant
1113 1352 1224 1425 pedum

240 1438 342 1494 oscula
382 1441 549 1510 beatorum,
588 1457 655 1494 cum
697 1438 754 1494 hoc
792 1457 853 1495 non
892 1449 991 1512 potest
1035 1436 1154 1494 fundari
1194 1437 1272 1494 into

239 1524 388 1599 scriptura
399 1526 444 1581 vel
461 1525 582 1582 racione
594 1527 675 1600 quod
686 1537 771 1581 sonet
788 1523 818 1582 in
831 1525 941 1598 pedum
958 1522 1054 1581 animi
1064 1523 1226 1591 locionetn,

240 1625 322 1684 patet
350 1615 432 1686 quod
456 1612 592 1669 Christus
616 1630 772 1686 nunquam
802 1610 904 1668 docuit
933 1611 1011 1668 hanc
1043 1610 1226 1679 doctrinam,

240 1697 311 1771 quia
335 1700 420 1756 valde
446 1699 597 1756 diversum
628 1712 671 1756 est
700 1717 717 1755 a
741 1716 820 1773 papa
848 1711 951 1773 petere
980 1700 1091 1773 pedum
1120 1699 1227 1756 oscula

241 1786 409 1856 beatorum,
447 1799 475 1842 et
503 1787 601 1861 ipsum
640 1804 750 1860 papam
784 1785 899 1842 lintheo
928 1804 959 1841 se
988 1785 1166 1860 precingere
1197 1797 1227 1842 et

240 1872 341 1928 lavare
365 1872 519 1930 humiliter
552 1888 583 1930 ut
607 1872 744 1929 Christus
776 1871 846 1929 fecit
877 1874 969 1947 pedes
1002 1890 1056 1947 per
1088 1871 1271 1931 ordinem15

240 1958 442 2031 subditorum,
476 1974 504 2016 et
528 1962 804 2034 quomodocunque
836 1959 874 2016 sit
897 1961 934 2015 de
958 1962 1024 2039 hoc,
1059 1958 1136 2016 sicut
1172 1961 1228 2016 hec

241 2046 413 2120 corporalia
438 2045 604 2103 ministeria
627 2059 696 2103 sunt
721 2045 847 2117 diversa,
883 2045 926 2103 sic
960 2045 1081 2103 exaccio
1114 2044 1227 2103 diaboli

241 2152 300 2207 qua
318 2147 416 2189 movet
431 2134 568 2190 subditos
585 2135 622 2190 ad
639 2134 838 2190 osculandum
856 2135 947 2208 pedes
958 2133 1081 2208 papales
1091 2135 1228 2191 vocando

241 2219 339 2294 ipsum
360 2230 476 2295 patrem
500 2222 694 2277 beatissimum
720 2235 763 2277 est
786 2221 872 2277 valde
898 2235 1014 2277 remota
1042 2223 1080 2277 ab
1108 2219 1176 2294 ipso
1195 2233 1228 2276 ut

242 2307 319 2363 lavet
354 2306 552 2380 spiritualiter
594 2306 722 2364 subditis
755 2325 825 2365 suos
861 2309 967 2381 pedes3
1006 2320 1035 2364 et
1068 2326 1136 2364 cum
1170 2309 1228 2365 hoc
1240 2330 1272 2364 20

242 2395 329 2450 debet
354 2412 386 2449 ex
412 2393 470 2450 fide
494 2394 650 2467 evangelii,
675 2407 759 2467 patet
776 2396 858 2469 quod
882 2394 937 2450 iste
953 2407 1049 2450 status
1074 2407 1102 2451 et
1127 2407 1227 2451 cetere

242 2480 402 2554 dignitates
419 2499 493 2555 quas
510 2481 647 2537 vendicat
664 2499 760 2555 arege
776 2481 915 2555 superbie
926 2494 1149 2556 processerunt.
1166 2483 1227 2538 Nec

242 2581 367 2641 negatur
399 2569 450 2624 sed
479 2570 712 2624 commendatur
744 2568 910 2642 corporalis
942 2570 1053 2643 pedum
1077 2566 1167 2641 locio‚
1196 2580 1229 2625 ut

243 2654 290 2711 bic
315 2657 419 2711 edocet
439 2654 635 2731 Augustinus,
660 2655 712 2711 sed
741 2655 867 2711 omnino
891 2674 924 2711 ex
948 2670 1034 2730 parte
1051 2655 1106 2712 Dei
1130 2654 1229 2712 iniun-

243 2741 323 2814 gitur
346 2741 511 2816 spiritualis
535 2743 645 2815 pedum
670 2741 749 2798 locio
774 2741 893 2800 mentis.
1241 2748 1272 2799 25

288 2829 373 2885 Unde
406 2827 568 2885 inclinatio
601 2830 638 2885 ad
674 2831 765 2902 pedes
796 2829 850 2885 loti
885 2827 1001 2886 indicat
1033 2829 1228 2887 affeccionem

243 2914 336 2971 animi
361 2916 398 2972 ad
422 2916 484 2972 loto
512 2915 709 2990 spiritualiter
733 2915 966 2973 ministrandum
1000 2931 1029 2973 et
1061 2916 1230 2992 quomodo·

243 3021 363 3076 cunque
388 3004 424 3058 de
449 3002 545 3076 ligura
568 3002 656 3059 fuerit
681 3020 801 3059 necesse
826 3017 870 3060 est
894 3002 1094 3060 christianum
1119 3005 1230 3060 habere

244 3089 416 3146 huiusmodi
455 3089 628 3163 figuratum.
675 3091 761 3147 Unde
794 3089 943 3163 contingit
979 3092 1060 3165 quod
1096 3089 1229 3165 religiosi

244 3176 351 3251 privati
375 3176 505 3233 sisinnos
529 3176 635 3250 plenos
659 3179 788 3233 habeant
813 3195 881 3235 rore
904 3191 1055 3234 nocturno
1079 3179 1230 3234 servando
1243 3181 1274 3233 30

244 3264 355 3337 figuras
373 3263 544 3320 huiusmodi
562 3264 747 3336 corporales,
765 3282 833 3320 cum
851 3265 906 3320 hec
922 3263 1088 3338 spiritualis
1105 3263 1230 3321 affeccio

244 3350 346 3407 asuis
379 3350 520 3407 fratribus
544 3351 582 3407 sit
606 3365 733 3422 remota,
767 3364 795 3407 et
828 3352 902 3408 tales
929 3370 997 3408 curn
1031 3365 1063 3409 ut
1096 3351 1139 3408 sic
1171 3351 1231 3408 sint

244 3437 379 3512 ypocrite
403 3457 464 3494 non
497 3439 597 3495 lavant
621 3436 823 3494 confratribus
853 3437 914 3495 suis
939 3440 1030 3512 pedes
1055 3440 1106 3494 sed
1124 3437 1230 3513 pocius

244 3538 390 3599 quantum
417 3525 446 3580 in
480 3524 551 3599 ipsis
584 3538 626 3581 est
656 3524 831 3598 turpificant
855 3525 912 3580 illis
940 3528 1041 3599 pedes.
1080 3528 1117 3582 Et
1141 3525 1227 3582 istam

244 3611 405 3686 ypocrisim
431 3611 575 3668 destruxit
600 3611 647 3669 hic
673 3611 828 3684 Dominus,
858 3631 926 3668 cum
951 3614 988 3669 de
1011 3631 1042 3669 se
1066 3611 1132 3686 ipso
1157 3612 1272 3672 dixitar

244 3698 462 3756 edificatoriam
504 3699 673 3768 veritatem,
714 3701 826 3755 docens
858 3700 889 3754 in
922 3701 979 3756 hoc
1011 3701 1094 3774 quod
1118 3701 1230 3755 nedum

244 3786 312 3843 licet
336 3788 386 3843 sed
405 3787 524 3860 proficit
552 3788 633 3861 quod
659 3787 750 3842 homo
774 3788 938 3860 prudenter
954 3785 1035 3843 dicat
1060 3788 1096 3843 de
1116 3804 1148 3842 se
1165 3786 1230 3861 ipso

244 3876 289 3929 vel
323 3873 382 3929 alio
421 3873 588 3929 veritatem.
627 3874 697 3930 ldeo
741 3869 785 3951 (ut
822 3872 1007 3945 Augustinus
1046 3872 1093 3929 hic
1133 3877 1231 3941 notat)

244 3959 407 4035 Apostolus
425 3960 497 4015 dicit
516 3963 547 4029 ll,
566 3964 634 4016 Cor.
658 3962 706 4015 llll
724 3962 758 4017 o:
781 3960 814 4014 Si
827 3960 959 4036 gloriari
974 3961 1231 4027 voluero‚nonero

244 4048 390 4122 insipiens,
415 4049 565 4102 veritatem
590 4048 665 4103 enim
683 4048 788 4102 dicam.
808 4046 961 4120 Contingit
984 4047 1062 4102 enirn
1082 4046 1276 4121 perlectos4o

297 4400 316 4431 2.
333 4389 360 4432 tt:
376 4400 430 4430 sitos
443 4387 519 4443 pedes,
587 4399 670 4435 ro—tr.
687 4387 714 4429 tt:
731 4399 780 4429 cum
795 4386 993 4429 linc-beatorum
1008 4387 1079 4429 deest.
1151 4385 1185 4429 30.
1201 4386 1231 4428 si·

244 4443 331 4485 sr'nnos.
348 4441 361 4483 i.
378 4442 537 4483 celorinum.
607 4438 639 4482 33.
657 4439 685 4480 ll:
698 4441 820 4490 iratribus.
