3098 5130
162 507 231 553 cao.
250 497 304 580 m]
459 517 504 565 os
523 515 759 565 nustcnnts'to
779 517 843 565 [ιιι.
863 516 880 564 t.

163 686 240 731 certe
282 677 453 732 claudebant
495 678 610 732 ianuam
654 678 791 744 ueritatis,
838 679 952 750 quando
990 692 1150 754 posuerunt

163 765 321 835 decretum,
350 775 380 818 ut
403 764 429 819 si
450 765 512 839 quis
536 765 644 820 diceret
667 782 730 819 eum
746 765 845 841 filium
869 766 936 836 Dei,
949 766 1041 841 fieret
1064 779 1150 823 entra

162 869 364 928 synagogam.
401 852 448 907 Sic
481 864 506 907 et
541 852 627 907 modo
662 851 783 908 heretici
813 854 982 909 sacerdotes
1013 854 1150 910 claudunt

164 939 280 993 ionicam
305 938 444 994 veritatis.
471 939 570 994 Sciunt
594 939 668 994 euim
686 940 820 1014 qnoniam
841 940 867 994 si
882 941 1037 1014 inanisesta
1053 943 1151 1017 suerit

139 1026 282 1094 §ueritas
306 1043 406 1082 eornm
430 1026 549 1082 ecclesia
571 1044 626 1080 non
650 1037 734 1082 estet
758 1027 814 1102 ipsi
837 1028 872 1082 de
886 1028 1066 1084 sacerdotali
1084 1030 1150 1104 dig-

164 1113 253 1168 nitate
284 1114 323 1167 ad
355 1113 545 1169 humilitatem
582 1113 693 1169 venient
725 1115 910 1190 popularem.
944 1115 1012 1171 ldeo
1036 1118 1151 1190 quando

164 1201 264 1275 legtmt
297 1200 325 1255 in
347 1201 455 1276 populo
477 1219 529 1256 suo
552 1202 611 1256 tale
635 1200 760 1276 aliquid:
796 1202 854 1269 Qui
881 1221 928 1258 me
956 1203 1032 1259 misit
1056 1205 1152 1259 viritior

164 1306 210 1342 nie
233 1299 284 1354 est,
306 1306 449 1364 peruersa
472 1288 714 1363 interpretaciorie
736 1289 876 1344 claudunt
896 1290 1057 1347 clausulam
1076 1291 1150 1347 ueri-

164 1375 241 1441 tatis.
265 1375 391 1431 diceutes
413 1376 569 1431 secundum
595 1376 841 1451 dispensationem
866 1378 963 1433 caruis
987 1390 1013 1433 et
1030 1397 1081 1435 nec
1097 1379 1152 1454 ipsi

124 1462 274 1518 cointrant
298 1463 448 1519 ueritatem
473 1464 689 1538 scripturarum
715 1475 842 1539 propter
865 1466 1035 1523 avariciam.
1073 1466 1152 1531 Quid

163 1549 271 1625 igitur:
294 1551 441 1627 Ignorans
461 1550 588 1626 populus
611 1551 786 1607 excttsabilis
815 1552 893 1606 erit?
915 1554 1005 1611 Absit.
1030 1553 1063 1607 Si
1078 1553 1150 1607 enim
1171 1581 1210 1624 Μ
1226 1581 1264 1622 nn
1280 1581 1362 1633 μονὴ

164 1637 331 1693 uestimenta
355 1625 505 1713 empturus
529 1638 614 1715 giras
635 1657 722 1693 tticum
739 1639 954 1717 negociatorem
977 1652 1002 1695 et
1025 1640 1150 1696 alterum
1188 1632 1341 1726 arepqqutrcc

164 1735 190 1780 et
223 1723 271 1779 ubi
302 1725 438 1781 meliores
473 1736 565 1781 uestes
597 1725 741 1782 inueneris
773 1737 799 1781 et
830 1728 931 1800 precio
968 1727 1065 1782 viliori
1092 1727 1151 1783 illic
1172 1735 1354 1791 responsiones.

164 1830 329 1887 comparas,
354 1824 380 1868 et
405 1831 459 1868 non
483 1823 596 1887 oportet
620 1813 713 1887 ipsum
737 1814 862 1868 circuire
885 1832 983 1870 onmes
1007 1815 1149 1880 doctores,

125 1904 191 1955 15et
225 1899 374 1973 inquirere
405 1901 453 1954 ubi
474 1900 588 1955 sincera
615 1900 722 1956 veritas
747 1902 940 1956 uenitmdotur
968 1913 994 1956 et
1017 1902 1065 1956 nbi
1088 1920 1150 1956 cor·

165 1988 275 2061 rupta?
309 1988 412 2043 Nonne
446 1999 476 2041 nt
508 1998 638 2043 nentrum
678 1989 874 2062 consessiones
912 2006 1089 2066 cognoscere
1125 2000 1151 2044 et

167 2074 308 2129 veriorem
343 2074 453 2150 eligere
482 2075 550 2150 plus
588 2091 673 2147 qnam
700 2075 922 2130 uestimentum?
961 2076 1040 2131 llicit
1078 2077 1151 2131 enim

164 2160 337 2236 Apostolus:
373 2160 478 2216 Omma
508 2162 648 2236 probate;
675 2163 753 2236 qnod
776 2163 880 2217 borium
904 2174 945 2218 est
969 2175 1069 2219 tenete.
1095 2164 1151 2218 Am

165 2247 191 2303 si
210 2259 336 2323 propter
359 2248 510 2303 utilitatem
535 2249 661 2322 aliquam
688 2250 733 2304 uel
753 2250 950 2305 necessitatem
976 2250 1151 2305 rrttmdinlem

122 2374 156 2408 20
164 2335 312 2412 proficisci
335 2336 461 2390 uolueris
484 2336 524 2390 ad
546 2335 670 2409 aliquem
695 2337 799 2397 locum,
823 2337 903 2392 cuins
927 2338 1002 2392 uiam
1020 2338 1151 2414 igrioran

166 2422 303 2497 itumquid
330 2434 456 2498 propter
479 2423 681 2500 igrirrranciam
711 2424 754 2478 uie
777 2424 900 2479 discedis
923 2443 940 2478 a
965 2425 1153 2498 proseceioue

163 2510 339 2584 proposita?
371 2511 447 2577 Non,
478 2512 530 2566 sed
553 2510 716 2585 experieris
749 2529 823 2565 mmc
846 2511 932 2566 istam
958 2512 1044 2582 uiam,
1078 2531 1153 2568 nunc

166 2596 258 2665 illam,
283 2609 309 2652 et
332 2615 404 2671 qnos
427 2598 594 2673 interroges
616 2598 722 2672 queris,
753 2609 780 2653 et
803 2616 867 2653 cum
892 2598 1035 2654 inveneris
1060 2616 1152 2676 rogas

166 2695 192 2739 et
213 2684 369 2759 promittis.
399 2684 438 2739 Et
461 2685 487 2740 si
510 2684 580 2740 velis
602 2686 818 2760 scripturarum
848 2685 967 2762 ingredi
991 2686 1151 2753 ueritatem,

123 2777 221 2827 eittou
241 2783 357 2846 peteres
384 2771 575 2842 oracionibus,
608 2790 663 2827 non
686 2791 823 2847 quereres
850 2773 878 2826 in
902 2773 1066 2848 scripturis,
1099 2791 1153 2827 iton

162 2859 299 2933 pulsares
311 2859 338 2913 iu
349 2859 430 2914 bonis
440 2858 584 2934 operibus,
601 2879 656 2916 non
670 2860 874 2937 interrogares
884 2861 1061 2934 sacerdotes,
1080 2878 1153 2916 utmc

165 2945 231 3001 illos
263 2964 337 3001 nime
360 2946 440 3016 istos,
475 2946 523 3020 qni
546 2947 609 3002 reri
629 2958 696 3002 sum
718 2947 901 3003 clavicularii
927 2947 1153 3022 scripturarum,

165 3033 214 3107 qui
229 3033 329 3106 salsi?
362 3033 420 3088 Sed
448 3034 547 3108 prima
580 3034 634 3089 ista
667 3053 721 3089 non
742 3035 831 3111 fiunt.
865 3035 930 3108 quia
955 3036 1073 3089 verbum
1098 3035 1156 3090 Dei

166 3137 221 3175 non
251 3120 392 3190 creditur,
417 3121 483 3195 quia
508 3139 557 3176 nec
578 3120 737 3196 promissio
761 3122 944 3177 beatitudinis
968 3122 1155 3179 desideratur

124 3213 217 3263 30nec
245 3207 380 3262 iudicium
410 3208 644 3263 coinmiuacionis
671 3209 730 3264 eius
758 3209 883 3264 timetur.
914 3211 976 3266 llcc
1005 3209 1153 3266 Crisosto-

169 3312 243 3352 mus,

559 3481 664 3545 CAP.
691 3482 755 3545 IX.

211 3627 336 3683 Videtur
370 3627 442 3682 istos
477 3641 599 3683 sanctos
623 3627 712 3683 fidem
747 3629 894 3701 scripture
924 3629 1011 3700 plone
1036 3628 1153 3696 elicere,
1217 3637 1316 3682 (tunsis

168 3713 237 3770 ideo
266 3714 336 3783 illis,
370 3713 495 3770 dimisso
524 3733 613 3788 papa,
648 3717 759 3770 debent
799 3716 901 3771 fideles
938 3718 1059 3771 credere
1094 3692 1370 3795 nonffii-ssss'ieciil'gi'j„¹31

124 3814 292 3876 35pr0pter
325 3820 356 3857 se
381 3803 426 3857 sel
452 3816 574 3875 propter
607 3815 717 3858 statum
748 3817 798 3858 aut
823 3802 1000 3876 dignitatem
1027 3805 1153 3858 munda-
1178 3797 1215 3838 ¹¹¹2*
1232 3795 1315 3848 iniens
1330 3794 1356 3834 01'

168 3908 239 3945 nam
264 3908 355 3963 quam
382 3903 544 3963 occupant,
570 3891 620 3945 sed
646 3889 716 3963 quia
735 3890 862 3946 fideliter
879 3903 1013 3945 reserant
1029 3892 1153 3945 verbum
1183 3847 1352 3942 ooqqxpthana

221 4160 475 4215 i.ls:proposucrunt.
543 4173 562 4213 7.
580 4162 736 4204 llzindecst.
808 4162 1007 4204 8.A:clausaru.
1078 4164 1153 4204 mn:

168 4213 346 4261 inexcusabilis:
362 4213 389 4254 tt:
405 4214 512 4256 correxit.
561 4228 591 4264 lt·
608 4217 640 4257 A:
657 4216 730 4269 ipsum
746 4226 848 4256 currere.
905 4222 936 4261 to.
953 4227 983 4265 ¹7·
1000 4217 1032 4257 A:
1048 4222 1069 4257 et
1079 4226 1155 4256 vitores

168 4268 203 4308 eti.
218 4268 252 4308 A:
268 4266 291 4307 in
306 4266 382 4315 dccst;
397 4266 428 4308 ib.
445 4266 474 4309 tt:
490 4268 636 4322 interrogas.
713 4265 748 4310 28.
764 4269 799 4309 A:
813 4268 890 4319 prima
908 4268 979 4309 deest.
1047 4266 1079 4310 [il.
1095 4269 1117 4310 Α
1131 4267 1154 4308 in

170 4330 255 4372 marg:
271 4319 398 4360 Jonamies.

224 4461 261 4510 18.
282 4462 299 4510 l.
319 4461 414 4512 Thess.
434 4464 464 4524 V,
486 4479 525 4511 21.
