3098 5130
575 475 664 524 oeus
684 475 935 524 nvsuosiscuu
962 474 1025 523 ιιιι.
1045 474 1086 522 ιιι.
1122 457 1203 539 [esu.
1219 470 1326 514 xxxin.

339 636 444 692 traditi
472 647 539 692 sunt
566 647 669 712 patres
697 636 792 692 nostri
816 637 844 691 in
869 636 976 692 instillas
999 635 1204 692 tribulaciones
1223 654 1328 712 perse·

339 723 489 780 cucionum
520 712 556 779 in‘
576 735 636 779 toto
665 725 788 791 iiiiind0;
819 734 847 778 et
869 723 958 780 occisi
979 733 1045 780 suut
1068 723 1185 798 quidam
1210 733 1237 779 et
1260 723 1329 779 odio

339 811 432 867 habiti
453 822 518 868 sunt
541 811 639 867 multis
662 811 807 888 gentihus,
831 811 861 866 id
876 821 928 883 est,
953 811 1085 867 onmilrus
1100 810 1243 868 hereticis.
1269 812 1330 868 Sed

339 898 393 954 hoc
423 898 497 955 sicut
530 898 595 954 disi
626 917 680 954 non
715 899 846 955 conuenit
879 900 915 954 de
945 909 1076 974 tempore
1113 898 1328 975 apostolorum,

337 986 452 1062 quando
474 996 559 1042 erant
574 986 670 1042 adhuc
691 987 781 1042 multe
799 996 903 1063 gentes
925 1004 980 1041 non
997 997 1203 1062 cognoscentes
1219 986 1354 1056 Deum,5

336 1074 388 1128 sed
412 1074 447 1129 de
463 1073 513 1130 illo
537 1084 668 1149 tempore
691 1074 769 1144 dicit,
793 1075 909 1148 quando
925 1073 1041 1129 hereses
1057 1073 1143 1147 facte
1158 1084 1239 1142 sunt;
1261 1091 1330 1130 cou-

337 1171 487 1235 sequenter
510 1162 562 1216 hee
583 1171 686 1239 gentes
709 1161 810 1236 quihus
833 1161 899 1217 odio
914 1159 996 1236 sacti
1017 1170 1084 1217 sunt
1103 1171 1207 1236 patres
1223 1161 1327 1233 nostri,

337 1248 454 1304 hereses
490 1259 556 1303 sunt
593 1248 790 1325 intelligende,
827 1248 894 1323 quia
932 1248 1047 1323 quando
1092 1248 1212 1305 ecclesia
1252 1248 1328 1324 cepit

334 1335 510 1410 periclitari,
543 1336 638 1392 nescio
670 1336 697 1391 si
727 1345 792 1391 erat
823 1334 851 1390 in
886 1335 1007 1391 circuitu
1039 1335 1137 1410 aliqua
1167 1354 1242 1414 gens
1273 1354 1329 1411 que

127 1416 194 1459 Aner
210 1415 278 1459 ΒΜ
294 1418 322 1460 ⁸¹¹
338 1434 529 1499 cognosceret
558 1423 664 1493 Deum,
697 1423 744 1478 cui
774 1422 841 1479 odio
873 1434 955 1479 esset.
985 1424 1050 1491 Qua
1083 1433 1179 1479 autem
1208 1423 1328 1480 racione
1343 1441 1372 1475 ιο

131 1475 319 1564 iiiiiis‘xlil'e‘
336 1520 438 1586 gentes
462 1510 577 1566 hereses
593 1511 790 1586 appellantur,
813 1511 944 1566 attende:
967 1505 1050 1566 Sicut
1070 1509 1144 1566 enim
1169 1510 1327 1586 aliquando

141 1574 310 1679 pgssffdan‘ffl‘
338 1597 488 1652 destructa
518 1597 597 1652 turri
612 1597 675 1673 filii
697 1598 761 1653 Noe'
784 1597 914 1673 dispersi
933 1608 1001 1654 sunt
1023 1607 1050 1653 et
1073 1598 1101 1653 in
1124 1608 1167 1653 tot
1191 1599 1327 1674 partibus

337 1683 424 1739 diuisi
444 1694 511 1739 sunt
534 1695 560 1738 et
587 1702 677 1759 super
698 1684 833 1761 singulas
856 1685 939 1758 quasi
961 1695 1064 1761 gentes
1080 1685 1240 1760 preparati
1259 1697 1327 1742 sunt

335 1771 484 1846 principes
511 1772 669 1826 secuudum
695 1772 879 1846 propositum
910 1772 1038 1848 ipsorum
1062 1772 1164 1847 angeli
1184 1773 1326 1850 maligni:

336 1859 399 1914 sola
428 1869 523 1914 alitem
550 1876 625 1935 gens
647 1856 742 1916 ludeo
770 1859 798 1913 in
818 1858 958 1934 porcione
971 1860 1059 1934 sacta
1083 1870 1126 1914 est
1150 1858 1218 1929 Dei,
1251 1860 1368 1916 sicut15

337 1944 364 2000 in
389 1945 609 2001 Deuteronomii
630 1947 741 2002 cantico
768 1945 907 2021 scriptum
936 1956 992 2001 est:
1019 1945 1090 2001 Cum
1115 1945 1261 2019 dividerit,
1285 1946 1328 2002 in·

336 2032 405 2105 quit,
428 2032 561 2088 excelsus
575 2043 686 2109 gentes,
710 2033 824 2108 qiiando
849 2032 985 2108 dispersit
1000 2032 1084 2108 filios
1099 2033 1205 2106 Adam,
1225 2033 1328 2090 statuit

339 2119 417 2195 fines
447 2120 582 2197 gencium
614 2121 770 2177 secundum
795 2139 946 2176 numerum
979 2120 1154 2198 angelorum
1193 2120 1260 2192 Dei,
1299 2132 1327 2177 et

335 2207 423 2281 sacta
448 2218 489 2262 est
508 2207 613 2283 porcio
637 2208 758 2265 Domini
780 2208 909 2284 populus
932 2207 1023 2282 ipsius
1043 2207 1142 2264 Jacob.
1176 2208 1326 2284 Numquid

336 2293 410 2349 enim
435 2294 553 2365 diceret,
577 2313 631 2369 que
650 2295 678 2351 si
697 2313 771 2373 gens
793 2295 953 2350 iudeorum
969 2295 1058 2369 facta
1082 2304 1124 2350 est
1136 2295 1241 2370 porcio
1256 2295 1324 2367 Dei,
1337 2320 1370 2355 ιο

337 2381 392 2437 nisi
414 2399 511 2437 (muns
532 2394 635 2460 gentes
658 2400 697 2438 ex
715 2382 897 2458 possessione
919 2381 978 2437 Dei
992 2382 1080 2456 facte
1093 2381 1247 2457 fuissent?

142 2477 192 2520 Tlu·
207 2478 266 2521 sevit
284 2478 304 2520 is
380 2468 537 2544 Postquam
562 2488 636 2546 ergo
660 2471 735 2525 uenit
749 2469 835 2545 filius
855 2468 914 2524 Dei
935 2469 1130 2538 inmundum,
1152 2470 1219 2546 qnia
1243 2470 1324 2526 nulla

126 2530 320 2639 ³Hss⁸⁸jfedoeff³y⁵sss
336 2557 432 2612 secula
465 2574 516 2612 nec
548 2574 671 2632 sperare
702 2567 862 2632 potuerunt
899 2574 950 2612 uec
978 2557 1165 2633 promereri:
1206 2575 1241 2612 ne
1271 2557 1326 2613 tali

132 2643 203 2679 ‘¹¹2⁵‘
217 2638 245 2680 ⁰f
258 2643 308 2679 [Μ’
337 2643 541 2700 misericordia
564 2662 638 2720 gens
660 2644 756 2718 aliqua
775 2644 987 2719 fraudaretur,
1012 2655 1113 2700 vocate
1135 2654 1201 2701 sunt
1225 2662 1324 2701 omnes

185 2689 252 2732 Μ’
335 2742 438 2808 gemes
453 2731 594 2809 adfidem
612 2730 774 2801 ministerii,
793 2731 902 2787 boniet
918 2731 1003 2786 niati:
1026 2731 1094 2787 boni
1109 2740 1139 2786 nt
1161 2731 1323 2805 salventur,
1334 2741 1366 2793 25

336 2818 408 2873 mali
440 2829 470 2873 ut
507 2818 720 2874 inexcusabiles
749 2818 836 2896 fiant.
876 2819 1030 2886 Quomodo
1068 2829 1163 2874 autem
1201 2819 1322 2875 ecclesia

335 2923 374 2961 ex
412 2905 514 2961 mixtis
552 2905 745 2961 uoluntatibus
783 2916 847 2961 erat
885 2906 1005 2980 repleta,
1043 2906 1117 2961 sicut
1154 2905 1232 2961 recia
1269 2923 1324 2981 qne

336 2993 472 3048 dicuntur
504 2993 531 3047 in
564 2992 717 3071 evangelio
749 2993 860 3068 repleta
893 3011 954 3048 esse
986 2992 1023 3048 de
1049 2992 1178 3067 piscibus
1211 2992 1323 3065 mixtis,

335 3097 449 3135 necesse
471 3091 535 3135 erat
559 3090 589 3134 ut
606 3089 792 3156 purgaretur
815 3079 944 3150 ecclesia,
969 3090 1000 3135 ut
1019 3079 1088 3136 boni
1102 3080 1216 3155 quidem
1228 3079 1324 3155 pisces

335 3167 521 3222 mitterentur
543 3167 571 3221 in
596 3167 681 3234 nasis,
706 3168 778 3222 mali
798 3177 893 3222 autem
912 3167 1120 3242 proicerentur
1127 3167 1230 3242 soros.
1254 3167 1323 3223 Ideo
1334 3178 1367 3228 30

335 3271 469 3310 concessa
504 3254 619 3309 diaholo
647 3254 761 3310 erroris
789 3254 954 3310 seminandi
980 3254 1099 3311 licencia
1126 3254 1169 3310 sic
1197 3253 1325 3330 dispersi

334 3351 401 3396 sunt
413 3359 471 3416 per
483 3342 631 3416 plurimas
654 3342 771 3398 hereses
794 3342 987 3416 unnsquisque
1008 3341 1166 3397 secundum
1187 3335 1192 3422 Ι
1209 3359 1321 3416 propo·
1349 3354 1416 3415 4¹7·

334 3428 419 3485 situm
445 3447 538 3498 suum,
563 3429 704 3485 remansit
729 3439 825 3484 autem
850 3447 905 3483 mm
921 3428 1002 3504 fides
1025 3429 1226 3484 tantummodo
1242 3428 1323 3505 apud

335 3516 440 3571 Deum.
470 3516 537 3571 Ideo
561 3534 635 3593 ergo
660 3517 758 3571 dicunt
786 3516 964 3592 evangeliste
987 3516 1103 3571 hereses
1124 3525 1227 3592 gentes
1249 3532 1321 3586 esse,

336 3604 488 3678 quomodo,
506 3603 579 3660 sicut
595 3614 662 3659 tunc
679 3622 742 3659 cum
759 3620 858 3658 omnes
869 3603 999 3659 homines
1015 3613 1108 3659 essent
1124 3621 1211 3658 unum
1227 3620 1323 3681 genus
1333 3611 1364 3662 35

336 3701 362 3746 et
386 3691 498 3769 lingua,
528 3690 615 3746 divisi
641 3701 707 3746 sunt
726 3708 783 3767 per
803 3690 949 3766 plurimas
971 3701 1089 3768 gentes:
1120 3690 1161 3745 ita
1185 3699 1212 3745 et
1235 3689 1322 3745 modo

335 3797 399 3834 cum
424 3790 497 3835 esset
519 3788 597 3834 totus
621 3778 748 3853 populus
776 3777 951 3833 christianus
978 3795 1034 3832 una
1062 3777 1181 3834 ecclesia
1209 3787 1237 3833 et
1265 3794 1322 3832 una

339 3866 429 3942 fides,
455 3865 542 3922 diuisi
556 3877 621 3922 sum
641 3884 698 3941 per
721 3865 829 3920 multas
845 3866 968 3920 hereses.
993 3863 1033 3918 Et
1052 3865 1126 3920 sicut
1142 3875 1209 3921 tunc
1225 3880 1323 3921 omnes

385 4135 405 4179 3.
422 4138 456 4180 A:
470 4139 524 4178 sunt
537 4135 607 4178 deest.
663 4146 683 4188 7.
701 4135 729 4176 B:
746 4134 769 4177 in
781 4134 843 4177 odio.
900 4146 925 4176 u.
941 4135 974 4177 A:
990 4133 1030 4176 Sic
1043 4133 1111 4177 enim.
1166 4144 1197 4176 ιι,
1212 4133 1243 4177 B:
1257 4139 1323 4177 terra

333 4188 385 4235 titii.
459 4201 491 4240 ιι.
507 4188 537 4230 B:
555 4189 655 4230 illorum.
723 4188 753 4229 ni.
770 4187 858 4230 Codd.:
874 4187 962 4228 viderit
1020 4185 1050 4228 18.
1068 4186 1097 4229 B:
1112 4185 1179 4229 iuxta
1193 4197 1321 4229 nnmerum.

334 4240 369 4337 {css
385 4241 474 4337 (hoodin
488 4240 625 4336 gpp'pigpesss
700 4237 735 4292 34.
761 4239 790 4281 n:
815 4239 967 4292 Euangelista
982 4237 1053 4290 dicit,·
1074 4239 1106 4281 ib.
1129 4240 1162 4280 A:
1185 4250 1236 4282 esse
1250 4237 1321 4281 deest.

394 4418 430 4469 ιθ.
450 4419 527 4470 Deut.
546 4419 646 4481 xxxu,
665 4416 690 4479 8,
708 4435 732 4486 ι).
788 4433 828 4485 ιι).
849 4418 936 4467 Lucae
956 4418 987 4480 V,
1006 4416 1030 4467 ss.
