3098 5130
168 496 234 540 CAP-
250 482 322 566 [Μ]
446 503 491 552 DE
511 502 749 553 ANTlCllRlSTO
769 503 833 553 LlB.
852 503 871 552 l.

167 662 244 720 viam
271 661 456 719 contrariam
482 676 628 737 ponentes
656 663 781 720 animas
796 682 866 719 suas
888 682 944 738 pro
967 665 1064 721 salute
1086 666 1154 720 bea·

167 749 250 806 tilica
274 749 374 807 anime
397 750 597 820 subditorum,
623 750 665 806 illi
689 750 812 826 inquam
838 764 906 808 sunt
930 751 1007 808 servi
1031 750 1101 808 boni
1126 765 1154 807 et

168 837 280 907 fideles,
306 839 469 911 prudentes
493 851 521 894 et
546 837 707 911 sapientes,
732 840 769 895 de
793 837 903 913 quibus
926 838 998 896 lacit
1028 855 1154 912 evange·

168 924 240 980 lium
268 925 468 983 mencionem.
514 925 606 982 Radix
631 938 732 982 autem
766 925 850 982 istius
884 925 1004 982 malicie
1036 924 1155 982 videtur

144 1013 349 1084 iquibusdam
383 1031 446 1068 esse
481 1014 612 1086 superba
647 1011 797 1087 cupiditas
823 1013 954 1069 Romani
985 1011 1154 1087 pontificia

168 1101 204 1154 ad
245 1102 326 1173 quod
361 1098 538 1173 supradicta
572 1099 691 1173 expedit
730 1099 884 1156 racionem
920 1102 1031 1157 addere
1065 1099 1154 1156 huius

168 1187 273 1244 sancti.
299 1187 404 1242 Nullus
422 1185 501 1242 enim
521 1186 637 1242 villicus
654 1187 772 1243 laborat
796 1204 860 1244 esse
877 1186 1041 1244 officiarius
1064 1186 1154 1243 nimis

169 1274 269 1329 multis
295 1273 415 1348 populis
440 1292 516 1347 quos
541 1273 670 1332 nesciret
695 1292 798 1347 regere
828 1274 874 1331 vel
898 1276 937 1331 ad
961 1273 1084 1330 Domini
1109 1272 1154 1330 sui

167 1360 299 1417 officium
326 1360 509 1435 mancipare.
550 1362 626 1417 Cum
663 1380 734 1435 ergo
764 1381 842 1435 papa
865 1360 961 1419 nescit
984 1360 1027 1417 sic
1052 1378 1155 1436 regere
1192 1372 1340 1434 Τιιερορςέ

130 1474 157 1504 ιο
168 1460 266 1505 totum
292 1448 564 1515 christianismum,
596 1448 713 1506 videtur
737 1450 818 1523 quod
843 1448 881 1505 sit
905 1447 1062 1505 luciferina
1088 1467 1123 1522 pr

168 1535 307 1609 sumpcio
345 1535 482 1610 accipere
515 1553 606 1609 super
630 1554 661 1592 se
684 1548 804 1592 tantum
828 1534 975 1594 officium.
1015 1536 1154 1592 Christus

168 1622 247 1677 enim
273 1623 328 1679 luit
352 1625 388 1679 de
412 1623 588 1697 episcopatu
605 1622 703 1696 gentis
724 1622 848 1679 ludaice
873 1635 1074 1693 comentatus,
1099 1640 1154 1680 nec

168 1709 276 1783 aliquis
315 1711 470 1784 apostolus
494 1709 611 1784 accepit
636 1728 782 1783 superse
814 1728 925 1767 nomen
954 1723 1085 1784 papatus
1108 1711 1155 1767 vel

167 1796 235 1852 talis
260 1796 425 1870 regiminis,
451 1799 503 1853 sed
527 1816 633 1853 omnes
657 1797 785 1854 confessi
809 1811 879 1854 sunt
902 1815 933 1854 se
958 1815 1022 1854 esse
1045 1797 1153 1866 socios,

129 1884 195 1939 {iet
220 1897 337 1940 tantum
363 1884 553 1957 profecerunt
577 1886 743 1941 secundum
761 1885 873 1943 Christi
897 1886 1034 1959 regulam
1058 1903 1154 1959 quan·

167 1984 232 2026 tum
257 1970 360 2028 docuit
394 1971 467 2027 fides
500 1970 648 2045 scripture
687 1984 715 2027 et
739 1971 780 2028 eis
814 1971 960 2028 concessit
988 1970 1154 2028 influencia

168 2057 267 2114 divine
291 2058 402 2132 gracie.

211 2148 272 2201 Nec
307 2147 386 2202 valet
419 2147 585 2202 concedere
619 2146 700 2218 quod
733 2162 787 2218 per
812 2147 866 2202 hec
896 2164 975 2219 papa
999 2146 1045 2202 vel
1069 2144 1153 2201 Anti·

169 2231 298 2288 christus
323 2233 477 2288 extollitur
505 2251 594 2307 super
616 2250 701 2288 oniae
723 2233 801 2306 quod
824 2233 932 2288 dicitur
955 2233 1036 2288 Deus
1059 2244 1087 2288 et
1111 2232 1153 2289 sic

126 2319 259 2375 tolidem
285 2319 433 2395 scripture
450 2319 594 2390 verificat‚
619 2318 691 2392 quia
711 2318 753 2374 sic
778 2319 847 2375 fecit
864 2318 1015 2389 Scarioth,
1039 2318 1153 2376 Pilatus

170 2419 197 2461 et
223 2406 353 2463 maiores
383 2405 532 2463 notabiles
554 2404 743 2462 Antichristi.
784 2407 855 2462 ldeo
883 2405 1055 2463 verificacio
1084 2405 1153 2462 fidei

170 2494 317 2568 scripture
341 2512 395 2568 per
418 2495 492 2550 tales
525 2506 553 2549 et
582 2491 764 2566 scripturam
798 2511 915 2550 sacram
948 2493 1095 2550 dilucidat
1126 2506 1154 2549 et

170 2579 250 2654 ipsos
261 2600 296 2637 ac
307 2581 471 2655 complices
487 2599 557 2637 suos
574 2582 789 2652 condempnat.
814 2582 884 2637 ldeo
901 2599 969 2636 cum
995 2599 1074 2654 papa
1091 2598 1153 2635 non

169 2667 210 2723 sic
235 2668 365 2724 extendit
388 2686 474 2725 suam
491 2666 736 2724 iurisdiccionem
762 2685 854 2741 super
869 2680 990 2724 sanctos
1014 2666 1154 2741 superius

126 2770 155 2818 25
170 2769 352 2812 memoratos
384 2757 436 2812 sed
469 2754 571 2811 delicit
603 2753 634 2810 in
657 2754 784 2811 notabili
818 2753 963 2828 regimine
987 2756 1153 2811 secundum

167 2844 306 2900 ordinem
332 2841 448 2899 domini
464 2845 532 2899 lesu
555 2840 677 2908 Christi,
701 2840 863 2898 verisimile
880 2855 926 2898 est
949 2842 1031 2916 quod
1055 2840 1153 2898 domi-

166 2929 249 2985 nium
275 2943 303 2986 et
327 2929 476 3004 cupiditas
500 2942 569 2985 sunt
597 2928 627 2984 in
652 2947 751 2988 causa.
791 2930 822 2985 ln
847 2927 933 2985 cuius
961 2927 1151 2985 confirmaci-

1126 1466 1154 1505 ε.
1183 1432 1353 1481 presumption.

167 3035 255 3073 onem
281 3017 352 3073 facit
377 3020 496 3073 hereses
514 3035 547 3072 ex
563 3034 617 3072 sua
634 3014 747 3073 noticia
763 3015 944 3090 germinare.
969 3018 1046 3072 Nam
1071 3034 1151 3090 papa
1197 3039 1240 3083 His
1255 3041 1337 3098 heresy

167 3104 269 3160 etalii
303 3104 349 3160 sui
382 3103 546 3177 complices
570 3102 673 3159 dicunt
707 3102 910 3159 communiter
942 3105 1024 3178 quod
1048 3094 1361 3160 conse·concerninlthe

125 3207 156 3254 30
167 3204 249 3247 crata
275 3191 372 3247 hostia
397 3204 440 3247 est
456 3190 597 3247 accidens
613 3189 678 3246 sine
694 3189 830 3246 subiecto
848 3203 876 3246 et
894 3208 947 3263 per
962 3207 1151 3265 consequens

167 3297 226 3333 non
252 3297 362 3352 corpus
386 3277 503 3335 domini
527 3280 596 3333 lesu
614 3276 726 3334 Christi
750 3290 778 3333 et
802 3296 856 3351 per
880 3280 1067 3352 consequens
1090 3295 1151 3333 non

167 3378 210 3420 est
234 3384 250 3421 a
276 3365 414 3422 fidelihus
439 3366 640 3434 adorandum,
679 3376 743 3420 tum
778 3363 849 3438 quia
882 3378 955 3421 tunc
988 3366 1151 3421 adorarent

166 3452 289 3523 ydolum
314 3455 396 3527 quod
415 3452 576 3521 nescirent,
601 3464 665 3507 tum
690 3451 786 3507 eciam
804 3451 875 3525 quia
900 3464 970 3507 tunc
987 3453 1151 3508 adorarent

167 3558 228 3594 rem
248 3539 377 3596 maxime
393 3538 651 3596 abhominabilem
670 3551 698 3594 et
715 3537 877 3611 pessimam
896 3556 959 3595 rem
977 3537 1008 3594 ia
1025 3539 1150 3595 mundo.

124 3628 202 3690 35Et
226 3645 294 3683 cum
320 3626 420 3683 sciunt
444 3627 589 3701 populum
608 3627 737 3682 adorare
761 3625 841 3682 istud
865 3624 1035 3683 venerabile
1051 3643 1153 3682 sacra-

166 3728 311 3783 mentum,
347 3713 402 3787 ipsi
436 3712 625 3788 expeditione
649 3712 741 3769 tacita
776 3712 902 3769 suntin
927 3730 1029 3770 causa.
1063 3712 1150 3769 Talia

165 3814 233 3857 sunt
274 3801 368 3857 multa
393 3816 506 3874 puncta
538 3799 608 3857 fidei
632 3817 690 3874 que
715 3799 804 3856 hodie
829 3817 863 3856 ex
887 3798 1027 3856 doctrina
1051 3797 1151 3856 Criso·

165 3887 255 3944 stomi
287 3901 357 3944 sunt
399 3888 554 3964 rimanda;
594 3900 622 3943 et
649 3886 691 3943 sic
719 3886 859 3943 omnibus
894 3886 1027 3961 pensatis
1061 3886 1152 3942 libra·

165 3974 245 4032 mine
270 3973 402 4032 racionis
418 3994 499 4050 papa
515 3975 561 4032 vel
577 3973 782 4033 Antichristus
798 3972 917 4030 videtur
933 3973 1072 4030 omnium
1090 3991 1152 4029 ma-

120 4082 155 4130 40
164 4063 264 4119 lorum
288 4062 463 4119 huiusmodi
488 4061 659 4119 suscitator.

216 4285 237 4327 8.
261 4286 294 4327 Az
309 4281 454 4336 quostwice;
470 4281 547 4325 ihil:
562 4292 652 4337 regem.
707 4281 784 4334 ¹9·A=
799 4279 887 4323 dicitur
899 4277 1011 4322 Christus.
1068 4274 1152 4332 tan:

163 4335 343 4380 abhominabile.
410 4347 448 4387 40.
464 4336 497 4377 A:
512 4334 648 4377 suscitatur.
1033 4372 1036 4377 ,

221 4444 257 4494 18.
277 4444 374 4494 Thess.
394 4444 423 4504 ll,
441 4459 466 4507 4.

1236 3145 1296 3188 host.
