3098 5130
216 484 283 527 cuv.
300 472 385 554 xvn]
500 491 544 539 ou
565 490 802 539 unvrcttutsro
824 492 886 541 um.
908 493 924 541 ι.

216 652 296 706 Sicut
319 651 413 728 igitur
435 652 472 707 de
496 650 603 726 viperis
626 661 785 707 rroscmrtur
810 653 917 728 ripere,
941 653 981 708 sic
1005 665 1030 708 et
1055 655 1091 709 de
1111 656 1201 710 homi·

214 739 285 794 cidis
298 739 444 814 patribus,
463 756 523 809 vos,
548 739 647 813 inquit,
665 739 727 794 irati
742 740 810 795 estis
829 740 981 799 homicide.
1000 742 1062 797 llec
1078 743 1201 815 lerony-

215 845 290 882 mus.

257 912 381 969 Videtur
397 912 486 968 istum
504 927 641 969 sanctum
661 931 809 987 exponere
826 916 902 971 hanc
919 928 1036 988 portem
1055 915 1201 990 evangelii
1212 927 1262 970 'sue
1277 929 1380 972 children
1392 928 1420 973 ot

1232 981 1269 1023 the
1285 981 1344 1024 devil
1360 993 1398 1023 are

191 996 285 1057 5satis
303 998 460 1057 catholice.
480 1003 516 1055 Et
532 994 656 1057 videtur⁴
673 999 751 1056 filios
771 1004 934 1059 modernos
959 1002 1072 1060 diaboli
1095 1004 1200 1060 saltem
1213 1045 1277 1076 more
1293 1046 1419 1076 numerous

213 1088 244 1143 in
268 1107 396 1144 numero
419 1086 596 1144 Antichristi
631 1086 709 1144 filios
736 1101 872 1163 tempore
898 1089 1019 1147 Domini
1047 1109 1200 1165 superare,

214 1174 285 1249 quia
321 1174 377 1249 ipsi
413 1174 549 1248 ypocrite
573 1189 642 1231 sunt
667 1176 766 1249 plures
790 1195 880 1250 quam
906 1176 1075 1252 pontifices,
1105 1179 1201 1235 scribe

215 1276 242 1319 et
267 1261 409 1336 pharisei,
434 1280 469 1318 eo
493 1265 575 1336 quod
599 1261 655 1335 ipsi
673 1263 770 1319 solum
789 1263 896 1320 inclusi
913 1264 1033 1320 fuerant
1049 1264 1080 1321 in
1095 1267 1200 1336 iudea,

215 1363 243 1406 et
266 1349 315 1405 isti
337 1368 390 1424 per
411 1362 508 1405 totum
534 1349 791 1406 christianismum
814 1365 883 1407 sunt
905 1350 1029 1426 spissius
1050 1352 1199 1410 seminati.

176 1450 204 1483 ¹0
259 1439 339 1507 Quot
372 1455 446 1510 rogo
479 1449 548 1492 sunt
581 1436 716 1511 ypocrite
749 1437 780 1493 in
807 1437 916 1512 Anglia
948 1439 999 1513 qui
1033 1439 1138 1496 dicunt
1171 1459 1201 1497 se

214 1523 385 1597 specialiter
409 1522 533 1597 diligere
557 1523 715 1580 dominum
739 1527 839 1581 lesum
865 1525 1029 1596 Christum,
1054 1540 1201 1584 ettamen

213 1611 317 1668 vivunt
347 1611 439 1668 vitam
473 1610 528 1667 sibi
562 1610 748 1668 contrarium
782 1627 810 1669 et
839 1631 985 1690 pauperes
1005 1616 1202 1693 presbyteros

214 1699 264 1773 qui
289 1712 351 1755 tam
375 1699 435 1755 vita
452 1717 543 1773 quam
567 1697 665 1756 verbis
688 1698 779 1756 vitam
797 1699 909 1757 Christi
934 1703 1078 1775 detegunt
1101 1720 1200 1776 perse·

214 1800 362 1861 quuntur;
396 1799 424 1843 et
453 1786 483 1842 in
512 1785 579 1842 aliis
609 1786 755 1843 contratis
783 1787 878 1844 eciam
903 1806 998 1863 usque
1022 1791 1060 1846 ad
1086 1788 1200 1847 curiam

173 1871 381 1931 &Romanam
406 1872 538 1931 invenies
563 1875 673 1931 multos
697 1875 779 1933 tales.

1239 1097 1292 1128 now
1307 1086 1360 1128 than
1376 1086 1399 1128 in

1232 1138 1333 1182 Christ¹s
1347 1139 1400 1194 day.

256 1961 334 2030 Quia
358 1960 450 2035 igitur
474 1959 610 2017 Christus
639 1961 732 2018 voluit
765 1962 924 2018 materiam
949 1981 1002 2019 sue
1026 1963 1200 2021 dileccionis
1215 1977 1262 2027 Ah,
1277 1948 1337 2018 from
1354 1977 1415 2031 eope

212 2047 336 2104 ecclesie
360 2047 495 2105 inferiori
519 2048 699 2123 relinquere,
730 2049 798 2125 ideo
821 2048 945 2124 reliquit
969 2069 1054 2107 suam
1079 2069 1199 2108 conver·

211 2135 364 2192 sacionem
397 2134 441 2191 illi
475 2135 608 2206 ecclesie,
644 2148 677 2191 ut
708 2135 838 2193 viatores
867 2134 965 2211 ipsum
1000 2138 1029 2193 in
1063 2138 1200 2195 moribus

212 2221 377 2282 imitentur.
406 2224 477 2279 Ideo
501 2224 640 2279 docendo
665 2223 846 2279 militantem
872 2223 1030 2280 ecclesiam
1057 2227 1138 2300 quod
1163 2228 1201 2282 ad

169 2311 270 2366 zohoc
293 2309 423 2367 sollicite
447 2311 536 2366 debet
561 2311 715 2366 attendere
740 2315 784 2378 (ut
808 2324 890 2384 patet
913 2311 1058 2368 iohannis
1079 2312 1198 2383 ultimo)

211 2397 284 2453 dicit
306 2399 409 2454 Petro:
439 2397 517 2465 Quid
538 2399 578 2453 od
601 2397 650 2452 te?
682 2408 712 2451 tu
736 2416 782 2454 me
804 2415 934 2473 sequere,
962 2398 1132 2473 intelligens
1156 2399 1200 2457 in-

211 2484 301 2541 dubie
325 2486 362 2541 de
386 2485 507 2558 sequela
530 2483 561 2540 in
585 2483 731 2560 moribus,
763 2483 841 2541 sicut
864 2487 916 2542 dat
940 2487 997 2542 hoc
1023 2488 1198 2544 mandatum

1237 2036 1261 2070 to
1276 2028 1338 2088 frier,
1354 2042 1392 2071 arc

1263 2092 1330 2134 gtvcn
1345 2087 1368 2123 to

1246 2133 1394 2189 hypocrisy.·

211 2571 266 2628 toti
296 2571 430 2630 ecclesie.
465 2573 523 2628 Sed
548 2573 703 2646 quomodo
727 2566 846 2652 (queso)
880 2587 1000 2647 satrape
1028 2573 1200 2647 superiores
1279 2607 1287 2612 -

211 2672 378 2733 sequuntur
406 2658 559 2715 Christum
591 2658 620 2714 in
646 2658 798 2716 moribus?
832 2658 1006 2734 Incipiendo
1035 2660 1157 2735 quidem
1183 2681 1200 2719 a

119 2742 182 2807 4¹0‘¹
211 2765 290 2820 papa
326 2765 420 2820 usque
453 2747 490 2802 ad
511 2741 516 2825 l
537 2747 659 2802 fratrem
695 2745 892 2803 novissimum
925 2765 1031 2804 omnes
1061 2749 1199 2805 laborant

211 2832 351 2907 ypocrisi,
370 2833 546 2890 edificantes
557 2834 694 2908 sepulcra
706 2835 932 2908 prophetarum,
950 2834 1022 2909 quia
1036 2837 1198 2910 apostolos,

214 2933 359 2993 martyres
383 2934 411 2977 et
427 2934 547 2978 sanctos
565 2921 640 2977 alios
657 2920 688 2976 in
700 2920 797 2978 verbis
815 2921 1009 2996 magnificant
1025 2936 1053 2979 et
1071 2925 1199 2980 detesta-

212 3006 329 3064 cionem
342 3007 457 3082 peccati
467 3009 631 3064 iudeorum
643 3008 798 3064 Christum
811 3008 1062 3084 persequencium
1076 3012 1198 3068 horren·

212 3096 280 3151 dam
307 3095 472 3169 predicant.
504 3097 562 3152 Sed
591 3096 710 3171 implent
734 3114 899 3152 ostensuram
921 3108 1042 3172 potrum
1066 3116 1198 3170 suorum,

168 3182 201 3233 30
213 3185 348 3240 membra
356 3182 477 3239 Domini
489 3182 653 3256 ypocritice
664 3184 882 3257 persequendo.
890 3186 969 3258 Opor
977 3197 1018 3241 tet
1029 3184 1108 3241 enim
1121 3185 1199 3243 filios

210 3270 386 3327 Antichristi
403 3271 513 3326 habere
531 3288 703 3326 mensurum
721 3269 766 3326 sui
784 3271 938 3342 decursuS,
962 3271 1040 3328 sicut
1063 3275 1199 3330 membra

210 3356 321 3414 Christi
354 3359 465 3414 habent
498 3357 527 3412 in
551 3357 660 3414 viando
683 3376 769 3414 sunm
800 3376 983 3430 mensuram,
1020 3373 1049 3416 et
1080 3374 1201 3434 oportet

210 3446 292 3517 quod
325 3444 375 3501 illa
410 3462 549 3502 mensura
582 3463 636 3519 per
663 3444 824 3518 ypocrisim
859 3444 897 3501 sit
932 3445 1065 3520 impleta,
1097 3461 1126 3504 et
1156 3453 1200 3516 (ut

210 3531 332 3605 exponit
363 3534 553 3604 leronymus)
587 3550 647 3589 non
679 3546 723 3589 est
747 3534 916 3606 putandum
951 3536 1033 3607 quod
1062 3534 1199 3591 Christus

168 3617 421 3692 35implecionem
448 3618 544 3675 huius'
560 3623 700 3677 mensure
724 3620 901 3694 preceperit,
925 3622 977 3676 sed
1001 3624 1082 3695 quod
1098 3621 1197 3696 ipsum

210 3706 332 3779 yronice
367 3706 568 3780 prophetavit.
602 3710 639 3763 Et
671 3726 724 3782 per
756 3708 836 3765 idem
870 3727 931 3764 non
960 3721 1004 3764 est
1028 3711 1196 3783 putandum

211 3796 293 3867 quod
318 3793 457 3850 Christus
481 3794 637 3851 mandavit
660 3794 752 3852 vitam
778 3809 806 3852 et
830 3797 920 3852 verba
945 3794 1111 3869 ypocritica
1135 3810 1226 3854 tam·

211 3880 372 3953 regnancia
407 3882 458 3937 sed
493 3880 558 3955 ipsa
591 3900 724 3956 congrue
748 3882 936 3957 reprobavit,
969 3901 1039 3939 nam
1064 3902 1142 3958 papa
1168 3897 1197 3940 et

262 4190 281 4220 a.
296 4180 329 4220 A:
345 4177 486 4222 homicidiis.
558 4193 580 4231 s.
595 4182 615 4223 Α
631 4180 653 4223 in
669 4192 756 4233 marga
770 4179 897 4224 iohannes.
965 4194 986 4233 ¹)-
1003 4183 1037 4224 A:
1053 4181 1197 4224 christianis·

211 4229 316 4291 simum
380 4230 411 4274 vti.
426 4233 460 4273 A:
475 4232 531 4293 quio
546 4245 614 4290 ergo.
700 4230 731 4277 35.
748 4233 778 4275 ll:
792 4232 933 4288 preciperit;
953 4232 983 4276 ib.
999 4236 1032 4276 A:
1047 4234 1112 4289 quod
1125 4233 1196 4277 deest.

211 4281 245 4324 38.
261 4282 291 4324 ll:
306 4295 353 4325 tom
368 4295 508 4338 regnauere.

263 4442 301 4475 21.
322 4428 381 4476 Joh.
402 4428 467 4492 XXI,
488 4444 528 4477 22.
