3098 5130
215 481 281 524 cae.
297 467 369 551 uu]
500 488 545 538 ua
564 487 801 538 auricuarsro
822 489 885 540 era.
906 489 923 538 l.

215 647 373 702 voluerunt
407 649 526 703 beatum
552 648 731 721 Gregorium
766 663 926 723 propterea
955 652 1203 723 condempnasse.

216 735 305 789 Notet
334 752 405 807 ergo
446 734 542 791 lidelis
575 749 649 809 quot
686 735 823 792 homines
856 749 944 792 erunt
977 756 1008 792 ex
1043 736 1204 810 fragilitate

215 820 329 893 peccati
355 820 444 894 primi
474 821 605 878 hominis
629 823 843 897 condempnati
873 837 901 879 et
925 826 1080 898 quomodo
1106 823 1204 880 multi-

214 909 288 964 tudo
306 909 576 966 beatificandorum
595 909 750 966 hominum
769 930 829 967 non
847 909 902 967 erit
920 925 1081 984 propterea
1107 911 1204 967 mino-

190 999 293 1064 5rata3
327 1009 355 1051 et
379 996 480 1053 videre
504 996 613 1070 poterit
646 1000 801 1071 quomodo
826 997 986 1055 occasione
1009 998 1125 1072 peccati
1151 1001 1204 1054 du-

215 1083 300 1155 plicis
324 1082 379 1138 erit
405 1083 567 1141 multitudo
596 1085 721 1142 humani
745 1084 863 1158 generis
888 1084 918 1141 in
946 1084 1110 1159 suppositis
1134 1105 1205 1158 aug-

214 1184 363 1240 mentata3
404 1185 532 1232 etcum
566 1172 705 1228 homines
737 1172 892 1246 dampnati
918 1172 1053 1246 undique
1077 1185 1203 1245 prosunt

213 1271 317 1314 sancte
356 1257 443 1314 matri
469 1257 611 1332 ecclesie„
639 1273 720 1333 patet
752 1261 908 1333 quomodo
932 1273 1089 1334 peccatum
1115 1259 1204 1334 primi

215 1343 344 1401 hominis
378 1347 500 1418 prodest
533 1344 591 1401 illis
615 1346 667 1420 qui
691 1348 858 1403 secundum
889 1345 1079 1420 propositum
1104 1345 1203 1403 vocati

175 1445 282 1488 ¹0sunt
314 1431 421 1489 sancti.
456 1434 491 1489 Et
516 1445 598 1505 patet
630 1436 712 1507 quod
745 1433 822 1490 sicut
855 1452 917 1490 non
949 1433 1099 1508 sequitur:
1148 1436 1204 1491 lste

214 1519 283 1575 facit
317 1520 429 1575 bonum
464 1520 642 1593 prodessens
675 1520 810 1590 ecclesie,
843 1539 915 1594 ergo
949 1523 1038 1589 bene;
1078 1519 1119 1577 ita
1144 1540 1204 1577 non

213 1606 361 1680 sequitur:
387 1608 483 1662 Adam
509 1606 578 1663 fecit
596 1608 707 1664 bonum
733 1609 888 1682 peccando
904 1610 1086 1682 prodessens
1110 1610 1204 1665 eccle-

213 1691 265 1761 sie,
305 1712 376 1766 ergo
400 1707 561 1766 propterea
596 1708 639 1750 est
663 1695 847 1765 laudandus;
893 1695 958 1751 laus
998 1694 1077 1751 enini
1111 1715 1202 1768 quarn

214 1782 325 1836 bonum
360 1779 438 1836 istud
473 1781 641 1854 promeruit
673 1794 716 1838 est
748 1781 941 1838 attribuenda
971 1782 1071 1854 gracie
1097 1781 1150 1838 llei
1175 1796 1204 1838 et

175 1865 329 1923 15domiai
352 1870 420 1923 Jesu
445 1866 566 1925 Christi.

257 1957 412 2024 Quantum
430 1955 468 2010 ad
485 1954 622 2024 tercium,
641 1968 799 2028 peccatum
814 1957 895 2030 quod
913 1975 965 2029 per
982 1955 1202 2013 Antichristum
1214 1968 1264 2012 The
1275 1971 1419 2031 wictednpss

214 2055 350 2115 tempore
367 2041 467 2114 gracie
488 2056 531 2097 est
554 2055 722 2118 causatum,
747 2056 829 2115 patet
853 2044 935 2117 quod
960 2057 1131 2101 constantes
1148 2043 1202 2100 Dei
1219 2024 1416 2134 uopiperseppehng

214 2128 329 2202 pugiles
361 2127 522 2185 occasione
556 2128 636 2184 illius
670 2128 798 2202 amplius
837 2145 1050 2203 promerentur
1088 2146 1115 2188 et
1149 2149 1202 2204 per
1232 2126 1402 2223 {lfflnms‘jfe

214 2234 403 2289 consequens
437 2215 611 2272 universalis
646 2215 773 2272 ecclesia
806 2217 895 2272 habet
919 2230 1080 2290 propterea
1105 2217 1202 2274 maius
1278 2193 1353 2274 mein.
1384 2193 1394 2222 r

173 2304 338 2359 20b0num.
379 2305 418 2358 Ex
449 2304 506 2359 hoc
531 2303 610 2358 enim
644 2301 768 2359 stabiliti
797 2317 865 2358 sunt
891 2302 993 2360 fideles
1016 2303 1047 2359 in
1071 2303 1202 2361 Domino

214 2390 344 2464 amplius
368 2389 397 2445 in
434 2389 491 2445 lide
517 2389 632 2446 domini
655 2388 723 2448 Jesu
748 2389 859 2446 Christi
887 2403 927 2459 ,et
960 2391 1149 2447 delectantur
1172 2390 1202 2446 in

214 2475 333 2533 Christo
358 2476 408 2550 qui
433 2476 475 2533 sic
501 2476 690 2550 prophetavit
713 2476 864 2533 versucias
888 2476 1074 2534 Antichristi.
1100 2481 1135 2533 Et
1160 2477 1202 2535 sic

213 2577 256 2619 est
282 2564 355 2620 fides
379 2563 528 2637 scripture
560 2563 694 2636 undique
727 2563 768 2620 eis
799 2564 864 2636 plus
888 2563 994 2637 sapida
1018 2578 1046 2621 et
1078 2565 1202 2620 suntin

213 2651 278 2724 ipsa
302 2650 432 2724 amplius
457 2649 637 2707 confirmati.
663 2653 738 2706 Cum
764 2669 836 2722 ergo
853 2650 975 2707 racione
1000 2651 1092 2708 rabiei
1118 2651 1202 2707 istius

171 2736 338 2794 25heretici
372 2737 474 2794 lideles
507 2737 537 2792 in
563 2736 693 2794 Domino
725 2736 856 2811 amplius
881 2754 1101 2812 promerentur,
1140 2757 1201 2794 non

214 2824 323 2880 mirum
349 2824 372 2880 si
397 2827 543 2881 adventus
567 2823 743 2880 Antichristi
777 2824 923 2882 indirecte
947 2825 1042 2899 prosit
1066 2825 1201 2882 ecclesie.

258 2914 293 2968 Et
316 2926 462 2985 quantum
488 2912 525 2968 ad
559 2925 712 2985 quartum,
745 2910 859 2968 scilicet
889 2911 1067 2969 divisionem
1094 2912 1201 2988 capitis
1220 2925 1409 2987 'tire-sclusmts

213 2998 390 3055 Antichristi
414 2998 459 3055 vel
484 2997 702 3055 dissensionem
727 2997 853 3055 istorum
884 3001 1013 3056 duorum
1039 3019 1200 3074 paparum,
1224 2990 1410 3085 ¹¹¹p¹ss¹fss¹fflblssy⁵

213 3098 295 3158 patet
320 3088 400 3160 quod
428 3085 636 3159 multipliciter
670 3087 794 3159 prodest
820 3100 924 3143 sancte
951 3086 1037 3144 matri
1063 3087 1200 3144 ecclesie.

170 3173 283 3229 3⁰ldeo
307 3173 417 3229 debent
450 3172 552 3229 fideles
576 3172 606 3228 in
631 3173 688 3229 hoc
713 3174 838 3230 laudare
864 3176 957 3230 Deum
983 3174 1119 3231 dicentes
1143 3173 1198 3230 sihi

212 3259 366 3315 devocius:
391 3259 458 3314 Fiat
483 3260 617 3315 voluutas
640 3272 688 3315 tua
711 3261 784 3316 sicut
807 3261 835 3315 in
859 3261 920 3316 celo
943 3273 969 3317 et
994 3262 1022 3317 in
1046 3273 1136 3318 terra.

256 3348 354 3402 Unum
390 3365 461 3420 crgo
490 3349 603 3402 bonum
640 3349 720 3421 quod
751 3355 787 3402 'ex
812 3345 868 3403 ista
893 3347 1079 3405 dissensione
1103 3348 1200 3404 evenit
1245 3343 1385 3437 Ῑςῐοξῑῐζθζὶξ

121 3440 183 3502 424⁴
212 3433 298 3488 nobis
331 3432 465 3490 occiduis
497 3447 556 3490 stat
589 3433 618 3489 in
639 3433 643 3506 Ι
665 3434 723 3489 isto
747 3435 828 3508 quod
853 3435 1013 3490 confortati
1040 3455 1142 3492 sumus
1167 3453 1200 3490 es
1266 3408 1357 3509 punish

212 3521 368 3577 debilitate
391 3520 565 3576 llntichristi
600 3521 754 3594 publicare
786 3521 954 3577 sentencias
980 3524 1088 3579 multas
1113 3541 1200 3577 evan·
1243 3502 1382 3607 ‘'gfflssfj'

171 3606 323 3678 [ligelicas
340 3627 415 3682 quas
439 3622 538 3664 stante
555 3608 620 3681 ipso
646 3607 675 3663 in
699 3628 753 3663 suo
771 3610 880 3664 robore
904 3624 963 3664 nou
988 3609 1030 3664 sic
1055 3609 1200 3665 disserere

213 3695 402 3751 auderemus.
431 3694 512 3750 licet
536 3709 636 3751 autem
656 3709 784 3769 utraque
809 3715 878 3768 pars
895 3695 1069 3752 Antichristi
1095 3715 1201 3769 quam-

213 3780 255 3836 tis
280 3782 374 3838 divisa
392 3781 490 3856 fuerit,
516 3785 624 3838 habeat
643 3801 783 3855 magnam
803 3782 1009 3838 fortitudinem
1037 3798 1064 3838 et
1090 3785 1201 3839 multos

213 3869 385 3942 complices,
419 3883 521 3926 tamen
554 3888 570 3924 a
605 3869 752 3942 probabili
779 3869 982 3925 Antichristus
1012 3871 1088 3927 foret
1113 3871 1201 3944 longe

213 3955 324 4014 forcior
347 3957 413 4031 ipso
437 3970 535 4013 stante
560 3957 589 4012 ia
614 3975 669 4012 suo
694 3959 803 4013 robore
827 3956 1016 4014 inconcusso,

266 4239 293 4269 ia.
310 4228 343 4269 A:
358 4227 441 4269 honum
452 4226 528 4276 deest:
545 4226 574 4268 8:
590 4225 662 4268 addit.
713 4226 744 4269 32.
760 4225 902 4280 Utrdeerpo.
957 4225 992 4270 36.
1008 4231 1028 4271 Α
1046 4229 1068 4271 in
1084 4240 1170 4281 marat
1183 4240 1199 4270 r.

212 4277 248 4326 36,
263 4279 296 4333 37.
314 4279 343 4320 B:
360 4280 464 4334 quamuis
479 4280 582 4321 diversa.

266 4424 306 4474 31.
326 4421 415 4471 llatth.
435 4423 479 4484 vt,
502 4437 540 4472 ro.
