3098 5130
215 477 283 522 cn.
299 462 373 545 rvr}
501 480 802 532 nuuurrcuursro
823 482 923 531 1.1o.1.
1382 471 1420 544 ⁵9

216 642 257 698 sic
274 641 429 717 sepulcris.
454 645 530 699 Nam
551 642 687 716 ypocrite
704 643 829 717 priores,
855 644 905 719 qui
923 643 965 700 sic
982 643 1085 700 afforis
1102 645 1203 700 lavant
1221 657 1360 716 flvpocmes
1375 670 1413 700 are

216 729 340 786 calicem
366 742 492 803 possunt
516 729 637 804 corrigi,
661 732 712 787 sed
738 729 786 786 isti
809 729 852 787 sic
876 730 993 787 fundati
1019 731 1050 787 in
1071 731 1202 805 ypocrisi
1240 704 1393 804 deaffipprore

215 831 285 873 sunt
309 816 540 891 incorrigibiles,
565 830 738 874 constantes
766 816 796 873 in
820 836 875 874 sua
899 817 1019 875 malicia
1044 830 1201 892 tamquam

216 903 339 974 mortui,
374 904 447 979 quia
479 903 557 960 sicut
590 907 718 962 cadaver
751 918 914 976 mortuum,
951 907 1023 961 dum
1052 904 1202 962 inclusum

191 991 304 1048 §suerit
329 991 359 1048 in
383 993 531 1068 sepulcro,
556 1006 637 1049 caret
662 992 759 1049 forma
776 1006 806 1049 et
823 991 966 1050 membris
990 991 1126 1064 vivificis,
1151 1011 1204 1067 per

215 1097 273 1153 que
312 1097 422 1154 corpus
462 1082 499 1135 ab
532 1078 633 1136 anima
666 1093 852 1152 moveretur,
892 1080 935 1137 sic
967 1080 1102 1154 ypocrite
1135 1093 1203 1137 sunt

214 1179 363 1240 quantum
396 1167 434 1223 ad
459 1168 554 1222 Deum
591 1166 703 1223 mortui
730 1181 759 1224 et
782 1166 918 1239 fetentes,
943 1180 1080 1225 carentes
1105 1167 1203 1224 nervis

121 1245 186 1304 4¹⁰⁶
215 1253 361 1325 caritatis,
382 1253 387 1332 l
408 1272 460 1328 per
484 1272 560 1328 quos
584 1267 777 1312 moverentur
800 1273 818 1311 a
842 1256 939 1312 Deoa
962 1273 1018 1331 quo
1041 1273 1202 1326 movemur,

216 1341 338 1398 vivimus
361 1353 388 1396 et
410 1360 520 1411 suenus,
545 1354 577 1397 ut
594 1341 667 1399 dicit
683 1343 846 1416 Apostolus
863 1344 928 1402 Act.
945 1343 1033 1414 XVII,
1059 1343 1109 1398 28.
1134 1345 1202 1400 Non
1234 1356 1277 1400 l’er
1291 1368 1356 1399 some
1370 1358 1397 1400 os
1446 1379 1448 1382 >

175 1441 316 1484 rotamen
343 1447 421 1503 nego
449 1429 522 1503 quin
546 1428 654 1503 privati
679 1431 759 1486 bono
787 1428 921 1487 sensibili
944 1431 1111 1487 secundum
1136 1448 1202 1504 pre·
1230 1410 1403 1515 ¹¹¹⁰,¹{¹„¹{30⁸l‚b⁰

213 1528 327 1572 sentem
353 1515 536 1573 iniusticiam
561 1531 688 1590 possunt
712 1536 745 1574 ex
768 1516 869 1591 gracia
894 1516 948 1573 Dei
971 1516 1114 1574 vivificari
1139 1529 1200 1574 tam

213 1603 349 1660 seculare
384 1602 553 1682 brachium,
586 1605 622 1660 de
655 1622 715 1679 quo
740 1617 783 1660 est
807 1603 906 1660 maior
929 1603 1085 1661 evidencia
1109 1622 1200 1678 quam

214 1691 400 1761 claustrales,
425 1693 531 1748 saltem
556 1694 723 1748 secundum
748 1705 877 1767 partem,
903 1690 1014 1749 relictis
1031 1691 1092 1749 suis
1108 1691 1201 1765 signis

213 1777 398 1852 ypocriticis.
423 1781 460 1835 Et
484 1777 602 1835 videtur
624 1781 806 1854 prophetam
831 1779 881 1836 isti
905 1779 1059 1836 sentencie
1076 1797 1201 1836 consen·

174 1864 362 1925 15tireEze.
387 1867 528 1937 XXXVII,
553 1885 583 1938 4,
608 1869 731 1940 quando
760 1866 847 1923 dicit:
877 1866 950 1924 Ossa
975 1868 1072 1934 arida,
1103 1867 1202 1922 audite

214 1953 332 2008 verbum
357 1953 485 2009 Domini.
522 1955 579 2009 Sed
605 1952 728 2028 presciti
752 1953 934 2028 generaliter
957 1968 1093 2012 carentes
1117 1953 1200 2011 lunc-

214 2039 288 2096 turis
312 2039 447 2097 caritatis
470 2059 531 2097 non
554 2054 682 2114 possunt
698 2040 741 2098 sic
757 2040 871 2112 vivere;
896 2041 937 2098 illi
955 2054 1056 2099 autern
1075 2055 1200 2116 propter
1223 2055 1318 2108 uuonan
1334 2065 1405 2109 many

213 2126 383 2184 carenciam
416 2127 624 2184 iuncturarum
658 2141 728 2185 sunt
755 2148 824 2186 ossa
848 2128 933 2186 arida
958 2143 1145 2186 mortuorum
1172 2141 1200 2185 et
1223 2107 1405 2162 ³¹²¹‘P‘⁰b³¹⁰'

213 2212 336 2271 indubie
360 2215 452 2272 fetent
476 2218 551 2286 Deo,
575 2215 648 2289 quia
672 2234 739 2272 cum
766 2219 846 2272 Deus
868 2215 907 2272 sit
931 2215 1029 2290 prima
1045 2216 1155 2273 veritas
1172 2229 1201 2272 et

170 2300 359 2374 aoypocrisis
391 2315 436 2359 est
467 2302 628 2377 dupliciter
660 2302 814 2360 contraria
846 2302 975 2373 veritati,
1007 2303 1198 2360 manifestum

213 2401 266 2459 est,
291 2391 372 2462 quod
398 2392 477 2445 Deus
500 2389 565 2445 odit
588 2389 751 2463 ypocritas.
788 2391 907 2447 Habent
930 2403 1031 2446 autem
1058 2390 1106 2446 isti
1129 2410 1200 2464 ypo-

213 2474 286 2531 crite
315 2475 373 2533 tria
406 2494 515 2551 genera
549 2495 648 2533 rerum
682 2477 791 2551 quibus
821 2477 952 2533 illudunt
975 2478 1100 2552 populo,
1124 2477 1201 2533 sicut

212 2564 352 2637 sepulcra
369 2577 559 2620 mortuorum
577 2563 776 2639 corporaliter
792 2577 861 2620 sunt
878 2563 1037 2638 tripliciter
1053 2563 1201 2621 illusionis

212 2649 341 2708 obiecta.
375 2650 506 2725 lapides
539 2651 619 2707 enim
653 2651 682 2707 in
715 2651 814 2708 forma
838 2665 866 2707 et
891 2650 987 2725 figura
1010 2651 1108 2727 polliti
1131 2666 1200 2708 sunt

169 2737 365 2793 250biectum
406 2737 549 2812 primum,
589 2757 696 2795 aurum
736 2753 765 2795 et
803 2752 962 2812 argentum
998 2751 1200 2796 commassata

212 2843 302 2899 super
319 2824 466 2882 exteriora
483 2844 625 2900 suprema
641 2824 769 2883 istorum
787 2826 921 2901 lapidum
939 2841 1008 2883 sunt
1024 2828 1199 2895 secundum,

212 2925 241 2969 et
264 2912 380 2986 lapides
404 2912 533 2987 preciosi
558 2932 593 2970 ac
617 2912 675 2970 alia
700 2913 809 2970 iocalia
833 2932 924 2988 super
939 2913 1098 2988 superiora
1121 2912 1200 2970 illius

211 2999 341 3075 sepulcri
365 3000 532 3074 pendencia
568 3014 636 3057 sunt
660 2999 786 3057 tercium
812 2999 974 3074 illusIvum,
1000 3014 1032 3057 ut
1055 3015 1137 3076 patet
1164 3002 1200 3057 de

211 3086 357 3161 sepulcris
380 3087 498 3144 noviter
522 3088 772 3144 canonizatorum
798 3107 815 3145 a
839 3091 976 3145 Romana
999 3088 1134 3145 ecclesia.

170 3176 201 3226 30
255 3176 305 3231 Sic
344 3174 475 3248 religiosi
515 3175 610 3231 nostri
650 3190 786 3232 recenter
832 3189 932 3250 preter
970 3175 1197 3233 ordinacionem
1217 3183 1405 3246 Dcyieesotnre

213 3261 334 3319 Domini
351 3261 516 3319 introducti
541 3264 653 3319 habent
669 3262 726 3319 tria
751 3261 860 3337 quibus
877 3264 1007 3338 populus
1031 3276 1075 3320 est
1092 3266 1199 3338 decep·
1217 3238 1411 3344 sss'lfflssf’tfffl‘

212 3363 268 3405 tus.
304 3351 423 3406 Habent
456 3349 536 3406 enim
570 3350 670 3425 primo
702 3350 813 3424 politos
844 3349 966 3407 ordines
998 3352 1051 3406 sed
1075 3349 1199 3424 frigidos
1217 3341 1412 3437 ffifflffflclffessffffi

211 3455 228 3492 a
252 3435 377 3493 caritate
401 3450 434 3493 ut
458 3456 560 3494 saxum
584 3437 794 3508 marmorium,
819 3439 929 3495 habent
946 3440 1079 3495 secundo
1098 3440 1199 3495 obser·
1249 3447 1376 3503 trannin,

210 3523 331 3580 vancias
342 3524 524 3598 ypocriticas
540 3538 572 3580 ut
584 3539 706 3581 cantum
724 3524 754 3581 in
766 3524 873 3582 mediis
883 3525 1033 3595 noctibus,
1052 3524 1197 3582 ieiunium

170 3610 241 3666 35in
267 3611 369 3668 clectis
397 3611 585 3687 temporibus
615 3626 642 3669 et
671 3612 730 3669 alia
759 3612 843 3686 signa
867 3631 925 3687 que
950 3631 1011 3668 non
1035 3625 1145 3669 sonant
1168 3612 1199 3667 in

212 3697 386 3771 religionem
413 3698 528 3757 domini
552 3703 620 3755 Iesu
645 3698 767 3770 Christi,
793 3712 822 3756 et
846 3701 958 3756 babent
983 3699 1077 3755 tercio
1102 3698 1199 3773 priua·

211 3798 256 3840 tas
280 3787 564 3844 commendaciones
597 3787 628 3842 in
652 3786 712 3843 suis
737 3785 875 3862 capitulis
905 3786 1025 3843 illorum
1051 3785 1102 3860 qui
1128 3787 1199 3843 dant

212 3872 268 3927 sibi
293 3874 472 3948 temporalia
506 3873 638 3949 copiose,
672 3893 739 3931 cum
775 3873 868 3931 literis
900 3872 1082 3930 testantibus
1105 3873 1198 3946 parti-

213 3959 325 4033 cipium
350 3961 395 4017 sui
421 3960 529 4017 meriti
555 3965 591 4017 Et
615 3973 712 4017 totum
730 3963 787 4018 hoc
805 3974 849 4018 est
865 3961 1038 4035 sepulcrum
1055 3959 1199 4035 ypocriti-

168 4065 280 4117 4ocum
306 4067 359 4121 per
375 4048 524 4105 cautelam
541 4048 654 4105 diaboli
679 4048 869 4105 fabricatum.
895 4047 951 4104 Hic
967 4060 1092 4122 possunt
1116 4046 1199 4121 tangi

266 4401 285 4445 7.
301 4394 335 4435 A:
350 4393 429 4447 quoad
445 4390 524 4433 ileum.
600 4388 633 4434 32.
650 4391 708 4434 ltin
725 4402 811 4443 marg:
829 4400 846 4430 r.
914 4386 945 4430 33.
962 4389 990 4431 Is:
1007 4400 1162 4437 armorum,-
1179 4391 1198 4431 Λ

214 4442 237 4484 in
253 4456 337 4498 marg:
354 4455 375 4486 a.
429 4442 464 4485 30.
481 4446 503 4486 Α
518 4446 541 4486 iu
557 4456 641 4497 marg-z
658 4457 684 4497 3.
