3030 5130
122 980 189 1023 'lber
205 979 280 1021 blame
295 979 333 1020 tlte

138 1028 264 1087 pharium,
277 1038 315 1084 yet

166 1090 285 1139 persecute

177 1135 280 1180 Chrirt's

165 1189 291 1232 members.

142 2829 296 2884 chrysostom
305 2843 310 2870 :

159 2880 194 2924 lle
209 2881 263 2922 who
277 2880 297 2922 is

133 2933 204 2988 guilty
219 2934 246 2975 ot'
257 2934 324 2993 t‘raud

137 2998 164 3027 or
178 2997 317 3040 opprestron

125 3038 202 3080 builds
216 3050 229 3079 a
244 3037 330 3081 churclr

142 3098 181 3133 not
196 3095 220 3132 to
236 3090 310 3133 God's

152 3143 245 3185 honour
260 3143 299 3186 but

172 3195 209 3238 his
223 3207 285 3237 own.

582 474 672 522 «uus
692 473 942 521 eruum-:ructu
965 473 1027 521 ι.ιιι.
1048 474 1088 523 ιιι.
1156 456 1245 541 [cur.
1265 472 1342 519 xvrr.

342 635 432 691 ceteri
458 635 565 708 prelati
590 633 715 690 ecclesie
731 633 833 690 dicunt
850 635 932 707 quod
949 647 1018 690 sunt
1033 633 1095 692 veri
1112 634 1167 692 stlii
1184 653 1343 712 sequaces

342 722 457 779 domini
480 725 548 778 lesu
572 720 694 792 Christi,
719 721 749 777 in
773 733 889 777 tantum
908 723 989 795 quod
1006 739 1038 778 se
1053 720 1215 781 nominant
1227 737 1343 802 patres

342 810 537 878 beatissimus;
560 823 589 865 et
605 823 706 866 tamen
722 822 765 873 ·,ut
778 809 866 882 plane
883 822 964 882 patet
982 808 1121 866 fidelibus
1135 816 1243 886 opere)
1254 811 1341 871 istud

343 910 462 971 negant.

387 987 457 1042 ldeo
480 983 557 1040 sicut
581 983 711 1057 pharisei
736 997 840 1056 patres
856 1000 925 1039 suos
949 1002 981 1039 er
998 983 1151 1041 occisione
1167 988 1366 1061 propheta-5

343 1092 409 1128 rum
444 1072 688 1145 reprobaverant,
722 1069 764 1126 sic
797 1070 935 1126 moderni
968 1084 1088 1145 satrape
1116 1071 1279 1145 phariseos
1304 1095 1340 1133 ex

342 1158 496 1216 occisione
528 1156 640 1214 Christi
673 1157 854 1232 vituperant.
890 1171 918 1213 et
951 1172 1052 1215 tamen
1092 1158 1226 1233 ypocrisi
1267 1163 1340 1236 plus

342 1248 468 1304 subdola
485 1245 637 1302 Christum
657 1245 687 1300 in
704 1245 847 1301 membris
864 1245 924 1300 suis
941 1245 1079 1302 callidius
1096 1264 1339 1322 persequuntur.

343 1334 424 1406 Quid
458 1352 530 1407 rogo
554 1333 632 1388 salet
655 1350 765 1389 ornare
789 1333 925 1406 sepulcra
954 1333 1112 1389 hominurn
1138 1348 1338 1394 mortuorum

343 1435 370 1478 et
395 1421 424 1477 in
450 1420 505 1477 ista
530 1418 660 1494 ypocrisi
687 1420 844 1476 laborare?
877 1422 954 1476 Nam
979 1439 1034 1477 nec
1058 1420 1160 1478 anime
1184 1440 1242 1480 nec
1268 1442 1338 1482 cor·
1354 1446 1384 1479 ro

343 1528 418 1582 pora
441 1522 510 1564 sunt
534 1526 613 1563 nunc
636 1506 666 1562 in
691 1505 755 1563 istis
774 1507 920 1581 sepulcris
936 1526 994 1582 que
1011 1507 1147 1565 incolunt
1164 1510 1338 1579 collocata3

343 1609 371 1652 et
396 1614 463 1652 cum
490 1614 521 1652 ex
547 1595 605 1650 lide
630 1607 711 1668 patet
735 1596 816 1669 quod
840 1594 977 1651 Christus
1002 1610 1045 1651 est
1070 1595 1281 1655 essencialiter
1305 1600 1338 1657 in

342 1682 476 1757 qualibet
509 1695 646 1739 creatura
675 1695 704 1737 et
727 1681 894 1738 virtualiter
917 1685 1081 1739 secundnm
1107 1684 1336 1745 humanitatem

343 1788 540 1845 peromnem
566 1783 681 1842 partem
707 1768 832 1826 ecclesie
857 1768 1025 1839 militantis,
1055 1787 1149 1845 quare
1172 1788 1248 1846 ergo
1272 1793 1339 1833 non

343 1860 526 1914 honoramus
548 1856 626 1913 istud
644 1871 733 1929 caput
754 1856 879 1913 ecclesie
896 1870 924 1914 et
940 1857 1102 1932 ypocrisim
1119 1858 1337 1932 sepulcrorum
1352 1866 1382 1919 15

342 1944 542 2001 dimittimus?
580 1945 655 2000 Cum
696 1957 795 2000 autem
835 1944 1000 2001 secundum
1038 1948 1236 2020 leronymum
1277 1968 1338 2007 rtort

342 2032 530 2089 mediocriter
549 2042 651 2106 peccat
674 2032 724 2105 qui
745 2031 863 2087 dimisso
887 2033 984 2109 iungis
1006 2034 1080 2089 bono
1103 2034 1227 2090 attendit
1248 2036 1337 2094 solli·

343 2121 399 2177 cite
421 2121 460 2175 ad
482 2119 564 2175 uliud
587 2119 681 2174 miuus
704 2119 819 2185 bortum,
843 2121 999 2193 quomodo
1015 2119 1188 2195 superiores
1204 2123 1338 2183 ecclesie

342 2208 530 2265 attendentes
547 2206 584 2262 ad
603 2207 756 2261 mundana
779 2204 931 2262 sensibilia
948 2220 976 2263 et
993 2206 1181 2264 dimittentes
1196 2207 1336 2268 fructum

343 2293 544 2352 insensibilem
570 2312 659 2367 quem
685 2292 821 2349 Christus
845 2308 1022 2368 preceperat
1050 2308 1137 2351 erunt
1161 2294 1192 2351 in
1216 2295 1267 2354 die
1290 2298 1383 2361 ιιι-ιο

341 2382 411 2439 dicii
445 2381 590 2451 excusati;
630 2399 732 2436 revera
765 2399 851 2435 suum
886 2382 1095 2456 blasphemum
1137 2382 1336 2443 mendacium

341 2489 402 2544 quo
426 2469 529 2526 dicunt
553 2481 672 2541 tempus
696 2469 735 2523 ob
761 2469 905 2524 honorem
925 2468 1035 2525 Christi
1060 2469 1140 2526 istud
1165 2470 1336 2545 requirere,

341 2576 401 2614 non
436 2571 506 2614 tunc
540 2557 643 2625 solvet,
678 2554 748 2630 quia
772 2556 909 2612 Christus
938 2556 967 2612 in
992 2569 1055 2614 tota
1078 2557 1138 2614 rita
1161 2575 1215 2615 sua
1239 2557 1335 2617 istam

343 2646 525 2702 mundanam
560 2641 685 2717 gloriam
719 2661 779 2698 non
813 2643 932 2699 amarit.
963 2646 1032 2701 ldeo
1056 2643 1164 2718 prelati
1188 2647 1337 2705 moderni

341 2746 410 2790 sunt
434 2731 464 2788 in
491 2732 547 2788 hoc
572 2730 694 2786 indubie
720 2729 771 2786 filii
797 2729 952 2786 imitatorii
975 2731 1164 2788 Antichristi.
1349 2746 1382 2799 25

385 2819 590 2876 Crisostomus
613 2831 715 2874 autem
741 2816 846 2873 diffuse
870 2818 1062 2892 prosequitur
1086 2819 1176 2875 istum
1199 2832 1334 2881 textum:

347 2906 448 2975 Omne,
472 2906 580 2981 inquit,
605 2905 708 2960 bouum
732 2907 810 2981 quod
823 2904 864 2981 fit
883 2918 1010 2981 propter
1033 2907 1128 2962 Ileum
1152 2908 1179 2962 iu
1196 2908 1337 2967 omuibus

343 2996 428 3051 rebus
460 2993 601 3069 equaliter
632 2994 811 3050 observatur.
853 2992 908 3047 ctu·
938 3004 1033 3049 utitem
1067 3012 1121 3049 uon
1145 2994 1173 3050 in
1196 2996 1337 3055 omuibus

343 3082 427 3137 rebus
450 3081 592 3156 equaliter
614 3082 796 3141 observatur.
831 3081 933 3135 bonurn
957 3081 1032 3136 illud
1050 3092 1177 3156 propter·
1199 3083 1337 3142 homiues

341 3169 392 3245 fit,
424 3169 497 3225 sicut
530 3187 577 3225 res
605 3169 667 3244 ipsa
699 3186 822 3242 presens
845 3167 1034 3223 demonstrat.
1069 3168 1146 3224 Ecce
1177 3169 1253 3225 euim
1282 3174 1339 3247 qui
1350 3184 1385 3237 30

341 3257 490 3334 martyria
523 3256 667 3332 edificant,
699 3255 836 3311 ecclesius
859 3267 975 3325 ornant,
1007 3256 1110 3311 bouum
1134 3273 1207 3331 opus
1219 3257 1338 3332 secere

342 3344 486 3411 uideretur,
509 3345 561 3399 sed
584 3344 610 3399 si
631 3343 743 3418 quidem
768 3354 794 3397 et
817 3343 891 3397 alias
914 3342 1055 3398 ursticium
1081 3343 1139 3398 Dei
1164 3344 1337 3403 custodiunt

340 3431 366 3487 si
390 3431 426 3487 de
458 3431 538 3487 bonis
572 3448 672 3487 eorum
695 3448 841 3506 pauperes
874 3431 1013 3506 gaudent.
1042 3430 1067 3485 si
1100 3430 1225 3485 aliorum
1254 3432 1335 3490 botta

338 3536 394 3594 per
432 3519 600 3574 violenciam
643 3528 693 3573 uut
728 3518 873 3591 fraudem
904 3535 960 3573 uon
992 3517 1111 3590 sucitrut
1155 3534 1218 3585 stra,
1257 3519 1336 3577 scito

341 3606 406 3680 quia
430 3606 469 3660 ud
491 3606 620 3682 glorium
648 3605 705 3660 Ilei
727 3604 878 3680 edificem
906 3605 931 3659 si
954 3615 1049 3659 aretem
1075 3605 1151 3660 nlius
1167 3603 1225 3659 Dei
1248 3605 1335 3663 iusti·
1350 3603 1384 3655 35

340 3693 400 3749 cius
438 3712 492 3750 rtou
534 3705 662 3755 serrant,
709 3693 734 3748 si
775 3693 809 3747 de
842 3692 921 3747 bouis
953 3710 1052 3747 cortou
1091 3709 1238 3767 pauperes
1274 3712 1335 3751 rtort

273 3836 283 3853 ,
340 3782 479 3858 gaudent,
503 3781 529 3835 si
551 3780 676 3835 uliuruut
702 3781 774 3834 bonu
791 3779 909 3853 sariunt
932 3797 983 3833 ¹ruo
1008 3790 1058 3834 aut
1078 3797 1135 3854 per
1158 3778 1335 3838 violenciam

393 4064 411 4093 ’.κ
430 4053 457 4093 lt:
472 4049 527 4093 Jeru
544 4050 633 4092 (lltrr'rtr'
646 4054 729 4091 riustri,
807 4062 837 4101 ro⁴
854 4051 887 4091 A:
903 4050 934 4091 ud
949 4049 1019 4091 deest.
1093 4062 1127 4092 ιο.
1144 4049 1172 4091 lt:
1185 4049 1334 4105 preciperet.

341 4116 375 4145 uu.
400 4106 421 4146 Α
446 4103 468 4145 iu
493 4114 578 4155 maru:
605 4102 768 4143 Crisostomus.
866 4098 952 4143 :tr-32.
975 4103 1008 4144 A:
1030 4114 1113 4144 ecce—
1127 4102 1233 4144 luderetur
1256 4103 1333 4149 deest.

341 4156 372 4199 32.
389 4159 421 4199 Λι
437 4156 495 4199 etrr'.
551 4154 583 4198 33.
599 4154 665 4197 Codd
683 4170 688 4195 z
704 4155 942 4207 rumquumpuuuurrt.
984 4153 1019 4203 31.
1035 4156 1067 4197 h:
1085 4152 1246 4210 uutsratrdem
1256 4155 1335 4201 deest.

399 4280 435 4329 tri.
456 4282 487 4329 tlt
508 4282 532 4328 in
553 4280 674 4337 llecrcto,
694 4290 751 4328 tert.
771 4295 795 4342 p.
816 4281 852 4328 lle
874 4279 1089 4331 Consecratione,
1118 4280 1177 4327 dist.
1201 4278 1233 4331 V.
1264 4280 1334 4347 Cap.

342 4352 421 4399 xxlt'
436 4352 473 4405 tiu
488 4350 577 4413 regula
591 4349 782 4398 monachorum
797 4366 827 4398 ex
841 4349 1004 4414 llierortrnro
1018 4350 1145 4413 collecta).
1222 4346 1263 4398 26.
1278 4351 1336 4418 Op,

343 4422 407 4485 lnrp.
427 4422 443 4468 1.
464 4436 485 4469 c.
505 4436 530 4484 Ρ.
550 4422 609 4486 rtsslt).
