3098 5130
578 455 668 511 onos
686 454 938 511 ενιιιοειιειιιι
960 456 1023 508 ιιιι.
1044 450 1086 509 ιιι.
1160 431 1235 521 [css
1249 448 1327 501 xxx.

335 620 465 679 latrones
492 623 657 702 insurgunt,
690 633 841 698 querentes
877 621 1069 699 unusquisque
1103 622 1183 697 qnod
1215 621 1326 699 rapiat,

334 710 376 765 sic
390 711 506 785 quaudo
527 729 612 767 casus
632 711 799 787 specialiter
814 721 881 767 tunc
895 711 1057 767 ludeorum
1077 720 1127 765 aut
1141 710 1328 789 generaliter

335 807 384 851 aut
408 797 552 855 modicum
577 798 804 855 christianorum
819 798 895 875 fieri
920 797 1036 874 ceperit,
1065 815 1163 854 omnes
1187 797 1327 854 demones

334 884 500 959 spirituales
538 886 667 943 latrones
707 887 942 958 insurrexerunt,
975 903 1032 961 per
1068 903 1136 941 suos
1174 884 1326 942 ministros

335 983 486 1046 querentes
518 974 710 1050 unusquisque
740 974 817 1049 quod
839 975 977 1049 perdant.
1014 972 1081 1028 Non
1107 971 1231 1030 audistis
1251 969 1349 1049 pro-5

329 1059 448 1134 pltetam
466 1060 605 1118 dicentem
621 1062 765 1138 quomodo
785 1078 884 1117 omnes
899 1060 987 1117 bestie
1002 1059 1030 1114 in
1046 1069 1129 1116 nocte
1144 1059 1325 1117 circuierunt

335 1147 501 1221 militantes,
530 1148 584 1205 lroc
607 1150 709 1205 modo:
743 1148 843 1204 Posuit
866 1149 1000 1204 tenebras
1028 1157 1056 1202 et
1070 1148 1158 1223 sacta
1181 1156 1224 1204 εει
1247 1164 1326 1215 nox,·

335 1233 363 1288 in
387 1234 450 1309 ipso
470 1236 692 1310 pertransibunt
720 1253 819 1291 onmes
842 1235 931 1291 bestie
962 1234 1045 1307 silue,
1068 1234 1110 1291 sic
1133 1244 1161 1290 ει
1184 1235 1323 1292 demones

334 1321 502 1397 spirituales
517 1322 614 1393 bestie,
637 1322 777 1399 quamdin
795 1323 849 1378 lux
863 1322 975 1378 iusticie
990 1332 1139 1398 estsuper
1154 1322 1322 1380 universam

334 1419 458 1477 terram,
481 1409 509 1465 in
533 1410 673 1467 cubilibus
699 1410 769 1479 suis,
802 1409 833 1464 id
859 1420 912 1481 est,
944 1409 972 1464 in
1001 1409 1139 1466 cordibus
1161 1410 1322 1487 impiorum
1336 1432 1367 1468 10

336 1514 391 1552 non
414 1515 445 1553 εε
467 1498 636 1554 ostendunt:
658 1516 722 1553 cum
739 1506 834 1553 autem
852 1496 985 1553 tenebras
1001 1496 1159 1572 impietatis
1175 1497 1326 1554 dominari

335 1585 516 1660 aspexerint,
549 1596 616 1641 tunc
640 1586 775 1641 demones
799 1585 965 1660 procedunt
992 1594 1043 1639 aut
1071 1583 1200 1641 ministri
1221 1602 1323 1642 eorum

336 1672 372 1727 de
395 1670 524 1729 latibulis
550 1673 611 1728 suis
636 1682 788 1748 querentes
814 1690 897 1747 quem
927 1672 1043 1728 valeant
1067 1672 1222 1733 devorare.
1254 1673 1324 1730 Ideo

337 1758 431 1816 uidete
463 1777 497 1815 ne
523 1760 588 1834 quis
617 1777 668 1815 nos
694 1760 822 1815 seducat.
856 1758 954 1815 Homo
979 1759 1057 1815 circa
1082 1770 1206 1816 mortem
1226 1761 1324 1837 plean-

158 1854 209 1898 The
224 1861 288 1915 great
337 1847 428 1902 tasias
451 1845 544 1903 videt:
566 1847 608 1902 sie
631 1857 658 1902 ει
682 1848 805 1903 mundus
828 1846 856 1902 in
880 1847 960 1904 exitu
984 1865 1037 1903 suo
1061 1847 1168 1904 multos
1187 1847 1365 1923 pacietursi

133 1905 315 2002 libzinnffmsaii
337 1951 466 1991 errores,
499 1932 566 1989 Hoc
594 1945 667 2009 puto
695 1935 772 2009 quod
799 1935 839 1990 ad
866 1951 964 1990 omnes
992 1933 1167 1991 christianos
1200 1935 1325 2006 dicebat,

150 2011 234 2054 “⁶¹¹“
248 2022 302 2067 ἴω·
336 2021 397 2079 siue
419 2032 487 2077 tunc
501 2020 561 2077 sine
577 2021 673 2092 modo,
690 2020 830 2096 precipue
850 2031 945 2077 tamen
961 2022 1002 2077 ad
1015 2022 1198 2079 sacerdotes:
1227 2022 1326 2080 Videte

335 2127 369 2166 ne
401 2108 464 2183 quis
496 2125 547 2164 vos
578 2108 707 2164 seducat.
746 2108 800 2164 Vos
828 2109 896 2165 estis
923 2107 1081 2164 luminaria
1113 2111 1234 2166 verbum
1268 2110 1325 2166 nite

335 2196 511 2253 continentes
548 2206 635 2271 atque
673 2195 849 2251 candelabra
888 2195 1032 2265 lncencia;
1060 2196 1158 2271 facile
1195 2197 1325 2253 lucernis

336 2282 426 2340 noctis
449 2283 584 2339 extinctis
611 2282 731 2339 ecclesia
760 2301 777 2338 a
801 2283 961 2339 latronibus
988 2292 1031 2339 est
1056 2284 1182 2359 predam
1203 2284 1325 2361 paciens
1335 2310 1367 2345 20

337 2371 365 2426 in
398 2369 531 2427 tenebris.
575 2370 728 2438 Quomodo
765 2381 860 2426 autem
893 2381 949 2427 stet
980 2369 1129 2446 edificacio
1163 2372 1268 2428 domus
1298 2370 1326 2427 si

337 2458 488 2534 columpne
511 2457 689 2514 ceciderint?
712 2457 751 2512 Et
774 2475 809 2513 ne
827 2467 912 2532 putes
934 2459 1012 2532 qnod
1032 2458 1232 2533 corporaliter
1247 2458 1324 2514 iubet

337 2563 386 2601 eos
416 2545 547 2622 aspicere
574 2545 626 2601 sed
652 2544 846 2619 spiritualiter
874 2554 967 2601 ruente
994 2545 1191 2601 considerare.
1225 2545 1325 2602 Mente

337 2644 431 2689 antem
458 2643 554 2708 potest
576 2631 766 2687 considerare
792 2631 842 2705 qui
860 2631 1041 2705 perbonam
1070 2632 1323 2689 conversacionem

338 2731 460 2776 mentem
489 2719 574 2775 habet
602 2717 803 2777 illuminatam.
835 2717 894 2786 Qui
919 2736 993 2796 ergo
1020 2719 1090 2776 bene
1120 2730 1365 2791 conversatur,25

338 2807 464 2863 lucidam
488 2806 573 2861 habet
597 2816 719 2861 trientem
743 2816 770 2860 ει
789 2805 927 2882 intelligit
942 2805 991 2880 qui
1008 2817 1074 2862 sunt
1095 2805 1239 2864 doctores.
1265 2806 1326 2884 Qui

337 2904 431 2949 autem
452 2903 561 2968 peccat,
582 2910 682 2948 sensus
697 2892 757 2948 eius
780 2910 844 2948 cum
860 2891 897 2948 sit
912 2892 1090 2961 tenebrosus,
1113 2911 1169 2949 non
1186 2893 1325 2972 intelligit

337 2981 387 3056 qui
416 2991 482 3036 sunt
509 2978 590 3036 serui
618 2977 676 3034 Dei
702 2991 729 3035 et
756 2979 806 3054 qni
832 2980 960 3036 ministri
986 2980 1102 3039 diaboli.
1136 2981 1218 3038 Sicut
1248 2981 1323 3037 enim

338 3067 387 3142 qui
412 3066 610 3142 corporaliter
638 3066 722 3122 babet
749 3067 849 3123 oculos
877 3078 978 3123 acutos
1009 3067 1045 3125 dc
1072 3067 1160 3145 longe
1178 3067 1324 3145 prospicit

339 3154 506 3226 uenientem,
530 3172 567 3209 an
591 3153 703 3210 amicus
725 3152 786 3210 eius
808 3164 850 3210 est
872 3173 909 3210 an
933 3154 1133 3226 adversarius,
1156 3156 1207 3230 qui
1227 3167 1322 3213 autem
1336 3166 1367 3217 30

338 3242 436 3298 oculos
469 3242 553 3297 lcabet
585 3240 717 3319 infirmos
744 3242 877 3317 quamvis
905 3241 1059 3298 intenderit
1086 3259 1143 3298 non
1175 3243 1325 3320 cognoscit

338 3329 365 3385 si
385 3329 496 3385 anneus
519 3328 579 3385 eins
602 3339 643 3385 est
666 3347 703 3384 an
719 3328 865 3384 inimicus:
887 3329 928 3385 sic
951 3328 1000 3404 qui
1014 3339 1137 3385 mentem
1159 3349 1176 3385 a
1196 3330 1325 3407 peccatis

336 3415 467 3491 possidet
495 3416 633 3471 mundam
664 3417 700 3472 de
723 3416 811 3492 longe
838 3416 1005 3473 considerat
1032 3435 1069 3472 an
1092 3416 1180 3473 bomo
1203 3417 1262 3473 Dei
1282 3428 1325 3474 est

338 3503 387 3559 ille
414 3503 462 3578 qni
485 3503 560 3559 uertit
588 3522 624 3559 an
653 3503 739 3559 homo
768 3503 891 3559 diaboli:
923 3504 950 3558 in
974 3503 1088 3560 nomine
1115 3504 1228 3561 Christi
1250 3504 1325 3562 uenit

337 3599 388 3645 aut
425 3591 453 3646 in
493 3590 598 3666 spiritu
634 3590 754 3646 Cleristi.
797 3592 854 3645 Aut
882 3601 970 3665 putas
1007 3591 1073 3665 quio
1119 3592 1366 3669 superventuri35

334 3677 462 3752 juerant
487 3677 554 3733 noui
575 3677 749 3734 cltristianit’
772 3677 861 3733 Absit.
891 3678 979 3745 Quod
1000 3696 1074 3755 ergo
1099 3678 1183 3734 dicit:
1207 3674 1212 3759 Ι
1238 3679 1327 3735 Multi
1351 3690 1416 3755 ,μιν

340 3765 451 3820 uenient
474 3764 502 3820 in
526 3765 640 3820 nomine
663 3783 736 3835 nico,
764 3764 804 3819 ad
830 3775 943 3839 tempus
965 3766 1165 3840 apostolorum
1186 3766 1323 3843 pertinet.

343 3850 424 3909 'I'unc
455 3853 529 3908 enirn
561 3853 654 3909 sciens
686 3852 819 3907 diabolus
850 3852 915 3926 qnia
943 3852 1039 3908 adlmc
1066 3871 1158 3908 nonus
1189 3853 1326 3909 Cbristus

390 4162 413 4204 9.
428 4151 463 4192 A:
478 4153 512 4193 est
526 4150 597 4193 deest.
652 4163 684 4193 ιο.
699 4151 733 4194 A:
747 4152 796 4194 suis
808 4152 879 4194 deest.
934 4162 969 4194 ιο.
984 4153 1018 4195 A:
1030 4151 1116 4212 preda.
1170 4162 1204 4194 ιιι.
1220 4151 1250 4194 B:
1260 4150 1326 4205 quia.

338 4200 426 4253 23—23.
442 4204 476 4245 A:
490 4201 756 4246 Mente-considerare
769 4204 840 4246 deest.
899 4214 934 4255 ιι.
949 4205 982 4245 A:
998 4216 1038 4259 quc
1051 4207 1114 4246 νινιι.
1186 4202 1219 4246 32.
1234 4204 1269 4246 A:
1283 4206 1327 4248 atil

339 4256 452 4299 inimicus.
519 4253 554 4307 34.
570 4255 599 4297 13:
615 4256 638 4298 si
650 4256 674 4299 in
689 4256 788 4299 nomine.

390 4413 414 4462 7.
434 4397 530 4448 Psulm.
549 4397 613 4460 Clll,
634 4412 675 4447 no.
