3098 5130
166 470 233 514 cur.
251 455 346 538 tvm]
459 474 503 523 nn
523 473 760 523 xurxcruusro
780 474 844 524 tra.
864 475 881 524 ι.

164 637 308 710 quomodo
332 645 450 692 econtra
475 635 582 692 dicitur
605 654 622 691 a
646 636 784 693 Domino.
813 636 899 691 Nunc
921 633 1057 712 cognovi,
1090 633 1150 689 dic-

165 734 224 777 tum
254 735 296 778 est
331 723 457 792 Abralre,
496 741 571 778 nuuc
604 724 730 800 cognovi
762 723 896 798 quoniam
930 722 1015 778 times
1044 720 1149 777 Deum.

166 810 231 865 Hoc
255 810 329 865 euim
346 810 428 865 Deus
451 821 573 865 noverat
595 822 623 866 et
645 821 711 866 aule
733 810 815 866 illam
836 809 1061 885 probationem
1084 826 1150 862 unm

166 897 216 953 illu
229 897 371 972 probatio
387 897 451 952 ideo
468 897 555 971 sactu
572 909 623 964 est,
648 909 678 951 ut
701 915 753 953 uos
769 915 955 953 nosceremus
978 895 1055 971 quod
1072 895 1151 951 Deus

141 985 222 1040 §iam
246 995 368 1041 noverat
384 996 411 1041 et
428 995 554 1059 propter
577 1003 628 1040 uos
644 986 789 1041 duceudos
804 985 1037 1040 conscriberetur
1043 1003 1053 1051 ,·
1073 983 1151 1057 quod

165 1083 231 1128 aitte
265 1073 466 1128 documentum
500 1071 549 1127 ille
581 1083 703 1127 uouerat
725 1082 752 1128 et
767 1074 904 1147 fortasse
926 1071 976 1128 rue
998 1070 1147 1125 Abraham

165 1161 290 1215 noudum
315 1169 437 1216 uouerat
459 1177 531 1233 quas
555 1159 632 1215 uires
655 1159 776 1215 liaberet
791 1159 871 1236 fides
893 1159 961 1215 eius.
1002 1159 1066 1213 Hec
1088 1159 1149 1213 Au-

167 1261 314 1319 gustmus.

208 1333 335 1389 Videtur
351 1334 432 1408 quod
458 1331 512 1388 iste
530 1335 587 1389 due
612 1332 710 1390 fistule
727 1332 858 1407 Spiritus
880 1333 983 1390 Sancti
998 1331 1030 1388 in
1047 1332 1150 1389 catho-
1182 1356 1233 1401 Tne
1247 1356 1340 1401 Trium

126 1420 223 1476 tolico
247 1438 335 1476 sensu
359 1418 552 1490 conveniunt,
576 1419 691 1477 scilicet
715 1422 797 1494 quod
820 1433 887 1477 tota
902 1419 1039 1477 Trinitas
1063 1420 1150 1475 abso·
1183 1404 1339 1516 ,fflssf‘p'l'sst

165 1508 226 1564 lute
243 1507 413 1564 necessario
429 1506 484 1562 scit
501 1506 605 1563 omnia
621 1507 775 1582 preterita,
797 1507 954 1581 presencia
970 1507 1017 1563 vel
1039 1505 1149 1575 futura,
1187 1493 1281 1568 proserit
1295 1495 1346 1556 and'

166 1608 194 1650 et
219 1596 275 1651 hoc
309 1595 398 1668 plane
422 1595 510 1650 docet
535 1607 661 1669 uterque
685 1612 801 1654 eorum.
840 1595 910 1651 ldeo
943 1596 999 1651 hoc
1024 1592 1150 1650 firmiter
1221 1565 1305 1609 mm

165 1695 321 1738 teneamus
344 1695 501 1755 tamquam
526 1694 628 1738 nostre
651 1680 720 1738 fidei
745 1681 986 1738 fundamentum.
1025 1679 1151 1737 Videtur

165 1782 266 1825 tamen
282 1772 478 1842 leronymum
496 1767 622 1825 innuere
638 1770 720 1843 quod
737 1768 793 1825 ista
811 1767 960 1843 particula
983 1787 1044 1825 non
1060 1769 1151 1824 habe·

127 1860 213 1911 titur
230 1856 261 1911 in
278 1855 381 1912 Grecis
398 1854 552 1911 codicibus
568 1857 614 1912 vel
625 1854 739 1928 Ebreis,
755 1859 807 1912 sed
825 1855 896 1930 quia
912 1855 1006 1913 Marci
1017 1856 1091 1925 Xlll,
1109 1868 1148 1930 32

165 1960 302 2017 expresse
318 1942 460 1999 scribitur
484 1941 514 1998 in
532 1942 655 1999 Latino:
680 1941 728 2000 De
751 1943 797 1999 die
812 1955 908 1999 aurem
931 1944 982 1999 illo
1008 1942 1053 1998 vel
1076 1943 1150 1997 hora

166 2048 247 2085 uenio
279 2031 332 2086 scit
356 2048 446 2104 neque
478 2031 578 2105 ortgeli
600 2031 628 2085 iu
660 2031 722 2086 celo
757 2048 847 2105 ueque
860 2030 946 2107 filius
978 2029 1033 2085 uisi
1051 2040 1148 2104 puter.

166 2119 249 2185 Item,
274 2130 370 2174 textus
395 2116 521 2173 Matthei
545 2116 604 2173 iam
629 2117 724 2173 lectus
747 2116 865 2174 videtur
892 2134 1002 2173 sonare
1025 2115 1056 2172 in
1081 2134 1150 2173 ean·

166 2206 232 2261 dem
267 2203 464 2275 sentenciam,
504 2222 571 2259 cum
607 2203 636 2259 in
660 2203 717 2260 isto
745 2204 801 2260 nisi
819 2215 907 2280 pater
928 2205 1009 2260 solus
1032 2201 1150 2259 videtur

124 2320 155 2352 20
165 2291 319 2365 pertinens
343 2291 458 2366 precise
483 2290 614 2347 exclusio
638 2290 815 2365 personalis.

210 2383 294 2454 Item,
324 2379 388 2452 pari
418 2377 572 2435 evidencia
603 2396 663 2452 qua
687 2377 733 2434 hic
772 2378 905 2436 delectus
940 2376 1149 2452 interpretum,

166 2465 237 2541 poni
262 2480 362 2541 posset
386 2467 520 2522 delectus
541 2467 578 2522 ab
597 2465 729 2522 heretico
753 2466 784 2521 in
800 2464 936 2540 quolibet
953 2466 1045 2521 verbo
1061 2480 1150 2520 evan·

166 2553 262 2626 gelico
287 2555 368 2627 quod
393 2555 547 2628 depravat,
572 2552 622 2610 Sic
639 2553 719 2609 enim
746 2551 833 2609 multi
849 2552 1028 2625 interpretes
1051 2549 1149 2625 impo-

167 2655 293 2697 suerunt
309 2639 514 2715 calumpniam
533 2639 780 2714 interpretacioni
796 2638 959 2712 ieronymi.
985 2636 1150 2712 Supposito

124 2739 238 2801 25ergo
262 2729 343 2802 quod
373 2727 429 2783 istu
458 2725 513 2781 luit
536 2727 657 2801 loquela
689 2725 720 2783 in
744 2726 839 2783 tribus
863 2725 1029 2796 codicibus,
1068 2736 1150 2798 patet

167 2833 200 2870 ex
224 2816 308 2888 glosa
331 2812 489 2886 Augustini
523 2814 605 2886 quod
634 2814 740 2870 eadem
765 2827 866 2871 manet
889 2811 1043 2869 sentencia
1067 2825 1150 2867 utro·

167 2902 266 2976 bique.
290 2901 446 2957 Consonat
469 2912 571 2955 autem
596 2899 651 2957 iste
674 2913 771 2957 textus
787 2899 882 2957 Marci
906 2898 1029 2956 utilitati
1054 2897 1150 2955 eccle·

166 2988 208 3044 sie
233 3001 260 3044 et
278 2987 343 3044 aliis
362 2987 459 3043 modis
475 2987 619 3060 loquendi
636 2987 795 3062 scripture.
818 2986 898 3044 Dicit
915 2985 994 3042 enim
1013 2984 1150 3043 Christus

167 3074 291 3131 Matthei
316 3076 403 3143 XXV,
433 3089 468 3132 12
493 3075 585 3130 Auum
610 3075 674 3130 dico
691 3075 788 3143 volus,-
810 3074 904 3130 nescio
929 3091 989 3142 uos,
1015 3074 1071 3129 hoc
1096 3086 1150 3141 est,

125 3162 269 3224 sonescio
293 3180 345 3217 vos
369 3179 434 3217 esse
458 3161 549 3235 digne
573 3164 611 3218 ad
635 3161 854 3218 beatitudinem
881 3159 1096 3233 admittendos,
1121 3171 1150 3215 et

167 3249 373 3319 conformiter,
412 3248 491 3305 filius
526 3248 670 3323 magister
692 3248 826 3323 optimus
858 3248 953 3305 nescit
981 3249 1063 3322 quod
1087 3245 1151 3302 dies

168 3337 223 3393 ista
246 3335 284 3392 sit
308 3335 449 3392 militanti
474 3335 599 3392 ecclesie
623 3336 815 3396 declaranda.
847 3337 905 3391 Sed
930 3348 994 3391 tota
1017 3333 1150 3390 Trinitas

168 3424 237 3479 licet
270 3436 342 3478 tunc
367 3423 447 3478 diem
481 3423 561 3479 clare
596 3422 772 3496 cognoverit
796 3436 933 3497 expectat
963 3438 1058 3495 usque
1081 3433 1149 3493 post

168 3510 245 3566 diem
272 3509 374 3566 iudicii
401 3524 433 3566 ut
457 3509 495 3565 sit
519 3509 549 3565 in
575 3509 673 3583 patria
697 3511 862 3567 declarata.

125 3610 154 3660 35
210 3600 245 3652 Et
268 3615 321 3670 per
338 3598 394 3653 hoc
420 3610 503 3671 patet
525 3597 681 3670 responsio
708 3598 745 3653 ad
767 3595 907 3668 argucias
930 3593 1148 3668 sophistarum:n

166 3686 304 3757 Arguunt
340 3683 419 3740 enim
454 3702 486 3740 ex
511 3685 610 3758 glossa
634 3682 793 3757 Augustini
822 3684 904 3757 quod
928 3695 992 3737 tota
1016 3679 1150 3736 Trinitas

167 3771 261 3828 nescit
285 3771 429 3845 quicquid
455 3771 559 3827 fecerit
583 3789 639 3826 nos
662 3770 789 3827 nescire.
815 3774 851 3826 Et
875 3788 943 3826 cum
961 3782 1006 3825 tot
1030 3767 1149 3841 ignora-

168 3878 233 3914 mus
268 3877 327 3933 que
354 3858 457 3915 omnia
487 3860 637 3933 approbat
664 3857 798 3915 Trinitas
830 3856 999 3926 benedicta,
1033 3854 1150 3910 videtur

167 3948 248 4019 quod
273 3945 324 4002 illa
341 3945 475 4002 Trinitas
498 3945 602 4003 omnia
626 3945 678 4001 illa
702 3942 806 4001 nescit.
832 3945 891 4000 Sed
914 3942 1012 4001 sciant
1036 3940 1149 4016 garruli

220 4336 239 4367 2.
256 4325 286 4367 B:
300 4325 357 4379 cuin
371 4326 445 4368 timer.
539 4322 558 4366 3.
573 4325 604 4366 B:
619 4324 662 4366 lroc
676 4327 710 4366 est
725 4322 793 4365 Deus.
887 4337 910 4371 4.
925 4323 958 4364 A:
974 4321 1016 4365 illa
1024 4321 1151 4415 probatio.

167 4375 442 4431 5‚u.B:quoduutem.
512 4375 864 4429 ro.Ainmarg.:Joltauuet.
929 4376 1013 4417 atAt
1040 4374 1061 4417 r'c
1076 4374 1150 4417 twice.

169 4427 199 4472 35.
215 4432 247 4472 A:
261 4442 305 4484 per
318 4430 362 4473 ltoc
376 4430 446 4472 deest.
