3098 5130
144 1368 207 1430 why
223 1368 303 1414 Christ

130 1429 246 1466 mentions
260 1423 315 1478 only

168 1473 246 1517 worls
260 1476 287 1519 oi

136 1525 214 1581 bodily
229 1540 314 1582 mercy.

177 3630 276 3673 leronie.

577 504 666 551 <nus
685 504 937 554 evanueircun
959 505 1020 554 rin.
1041 506 1081 554 111.
1120 484 1203 574 [car.
1220 502 1335 547 tsxtv.

336 666 427 720 verlia
451 676 547 719 textus
571 678 640 719 sunt
664 665 703 719 ad
726 682 846 720 sensum
873 665 1055 722 catholicum
1081 667 1272 735 annotanda,
1298 678 1335 723 ut

337 750 437 824 primo
475 766 561 807 vocat
596 751 734 807 Christus
767 752 989 825 predestinatos
1021 753 1195 811 benedictos
1230 752 1334 827 patris

338 837 384 893 sui
409 856 484 912 quos
510 837 539 893 in
563 837 807 911 predestinancia
830 839 1007 913 designarit,
1040 840 1195 914 possidere
1218 854 1332 897 autern

338 924 410 981 dicit
444 938 512 998 post
544 925 776 981 tribulacionem
816 926 979 983 sessionem
1009 926 1143 1002 quietam
1167 926 1199 983 in
1222 927 1333 1001 patria

339 1031 406 1069 cum
433 1011 537 1069 beatis.
573 1012 654 1068 Situs
692 1026 793 1070 autem
820 1015 988 1087 corporalis
1023 1015 1106 1089 regni
1139 1015 1279 1072 celorum
1312 1022 1360 1073 ai

340 1098 444 1155 mundi
469 1097 584 1172 origine
608 1113 653 1156 est
677 1115 809 1174 paratus,
843 1102 920 1158 sicut
945 1115 974 1159 et
998 1102 1155 1159 beatitudo
1178 1115 1207 1159 et
1233 1103 1332 1158 bean·

339 1189 446 1244 dorum
464 1186 581 1243 locacio
606 1186 635 1243 in
661 1187 765 1243 mundi
789 1188 939 1264 principio
963 1189 993 1245 in
1011 1188 1065 1246 Dei
1089 1189 1333 1265 preordinancia

339 1276 537 1349 parabantur.

382 1364 483 1432 Quare
518 1374 618 1417 autem
644 1361 781 1418 Christus
811 1363 859 1419 hic
898 1363 1026 1437 explicat
1060 1363 1116 1421 ista
1148 1382 1197 1420 sex
1229 1382 1332 1437 opera

339 1448 505 1523 corporalis
530 1447 746 1518 misericordie,
780 1468 847 1505 cum
874 1450 992 1506 brevius
1018 1464 1117 1525 posset
1141 1450 1242 1508 dicere
1267 1450 1332 1507 alia
1348 1476 1381 1508 ιο

340 1536 477 1606 meliora,
503 1535 561 1592 dici
587 1550 688 1609 posset
713 1536 861 1593 catholice
886 1539 966 1612 quod
992 1538 1049 1595 ista
1073 1552 1143 1595 sunt
1167 1539 1234 1612 plus
1260 1556 1332 1595 sen·

339 1623 437 1679 sibilia
462 1635 490 1679 et
515 1624 552 1679 de
576 1623 709 1680 sensibili
732 1643 766 1680 ac
784 1625 936 1697 corporali
953 1624 1066 1683 iudicio
1083 1625 1130 1682 hic
1147 1637 1329 1699 pertractat.

338 1710 404 1767 Alia
433 1725 533 1767 autern
564 1730 656 1785 opera
685 1711 870 1768 insensibilia
899 1712 1172 1787 predestinatorum
1203 1724 1232 1769 et
1257 1731 1332 1787 pre·

339 1798 482 1854 scitorum
513 1812 600 1854 erunt
632 1798 703 1854 satis
728 1799 758 1854 in
791 1799 892 1855 anima
917 1800 958 1856 eis
988 1814 1068 1860 nota.
1107 1802 1235 1857 Etcum
1262 1811 1332 1859 tota

339 1884 395 1941 ista
420 1884 560 1941 invitacio
586 1900 613 1942 et
638 1885 824 1958 glorificacio
849 1886 882 1942 sit
905 1905 938 1942 ex
963 1886 1074 1943 Christi
1104 1886 1328 1956 misericordia,
1347 1897 1377 1947 15

338 1972 491 2045 sigmanter
524 1972 579 2029 ista
604 1991 652 2028 sex
685 1992 777 2047 opera
817 1973 983 2047 corporalis
1018 1973 1223 2031 misericordie
1247 1975 1329 2033 reci-

338 2052 450 2119 tantur.
467 2063 528 2116 Nec
544 2059 742 2116 sollicitemur
757 2063 912 2135 quomodo
930 2074 1032 2118 tantus
1049 2061 1328 2137 predestinatorum

339 2147 486 2203 exercitus
510 2165 564 2221 per
596 2160 711 2203 tantarn
738 2147 916 2204 distanciam
942 2149 1045 2205 audiet
1073 2167 1177 2206 vocem
1201 2149 1328 2209 Christi.

340 2253 408 2291 cum
441 2233 528 2290 facile
552 2233 590 2290 sit
614 2234 736 2291 Christo
761 2236 806 2291 vel
829 2234 1027 2309 spiritualiter
1054 2237 1101 2292 vel
1125 2235 1329 2309 corporaliter

340 2340 393 2396 per
426 2334 694 2396 quantamcunque
736 2321 915 2379 distanciam
946 2323 1073 2380 voluerit
1112 2321 1376 2396 predestinatisao

340 2409 428 2465 istam
454 2408 640 2465 sentenciam
665 2409 824 2483 explicare.

383 2495 525 2570 Sequitur
550 2495 579 2551 in
604 2509 699 2552 testu:
730 2498 808 2553 Tunc
824 2497 898 2554 dicet
915 2515 972 2553 rex
988 2509 1014 2553 et
1034 2497 1089 2551 hiis
1104 2497 1152 2572 qui
1166 2515 1183 2552 a
1198 2495 1329 2553 sinistris

340 2583 400 2639 eius
423 2594 523 2639 erunt:
545 2583 695 2640 Discedite
717 2603 733 2638 α
757 2603 803 2640 me
830 2584 978 2640 nruledicti
1003 2584 1031 2639 in
1063 2585 1160 2662 ignem
1183 2594 1328 2655 eternum,

340 2671 389 2745 qui
407 2682 588 2746 preparatus
611 2683 653 2727 est
677 2671 792 2727 diabolo
816 2683 842 2726 et
865 2672 979 2750 angelis
1002 2671 1071 2727 eius.
1106 2671 1229 2727 Esurivi
1251 2671 1326 2727 enirn

340 2769 367 2814 et
390 2776 445 2813 non
470 2759 590 2814 dedistis
617 2759 706 2814 michi
733 2760 922 2829 reintraturum,
953 2759 1032 2814 sitiri
1063 2770 1089 2814 et
1121 2777 1176 2814 non
1205 2758 1372 2818 dedistis25

341 2844 430 2900 michi
452 2846 568 2913 bibere;
605 2846 708 2921 hospes
732 2865 813 2902 eram
837 2858 864 2901 et
887 2865 942 2901 riori
965 2846 1125 2923 collegistis
1148 2864 1203 2915 me,
1231 2844 1327 2901 nudus

340 2942 367 2988 et
390 2950 445 2987 rton
482 2933 672 3008 cooperuistis
704 2952 759 2997 ine,
793 2933 926 3010 infirmus
957 2944 983 2988 et
1015 2933 1043 2987 in
1067 2950 1187 2988 carcere
1217 2942 1245 2987 et
1268 2949 1325 2987 non

342 3019 479 3074 visitastis
512 3038 565 3075 me.
616 3021 693 3075 Tunc
731 3021 944 3097 respondebunt
976 3021 1002 3075 ei
1034 3032 1061 3075 et
1094 3020 1151 3095 ipsi
1184 3019 1327 3075 dicentes:

340 3106 466 3161 Domine
489 3108 603 3180 quando
627 3107 752 3162 vidimus
779 3119 807 3163 te
830 3107 1002 3163 esurientem
1032 3118 1081 3163 aret
1104 3106 1250 3163 sicientem
1274 3116 1326 3160 aut

340 3193 481 3268 hospitem
505 3204 554 3247 ortt
578 3194 684 3248 viridum
709 3205 759 3249 aut
782 3194 929 3270 infirmum
956 3195 1001 3249 uel
1023 3195 1051 3250 in
1075 3211 1196 3250 carcere
1218 3203 1246 3249 et
1268 3203 1374 3253 non3o

341 3279 569 3335 ministravimus
592 3281 665 3336 tibi?
696 3283 771 3337 Tunc
795 3282 980 3356 respondebit
1002 3281 1060 3337 illis
1084 3281 1196 3337 dicens:
1234 3281 1326 3336 Amen

340 3368 404 3423 dico
422 3367 510 3447 uobis,
527 3367 662 3441 qteurndiu
680 3387 735 3424 iton
751 3368 868 3441 jecistis
884 3369 933 3424 uni
949 3370 984 3425 de
1001 3368 1161 3424 minoribus
1184 3367 1248 3442 hiis,
1273 3384 1326 3423 nec

339 3455 428 3510 michi
443 3455 569 3528 jecistis.
603 3455 642 3510 Et
666 3455 745 3510 ibunt
769 3456 810 3510 hii
831 3456 859 3511 iu
883 3456 1055 3531 supplicium
1081 3466 1223 3530 eternum,
1256 3454 1327 3510 iusti

339 3553 435 3597 utitem
460 3542 487 3595 in
512 3542 600 3597 uitam
623 3554 762 3598 eternam.

383 3631 480 3702 Super
503 3647 564 3702 quo
586 3632 779 3702 leronymus:
819 3630 952 3685 Prudens
986 3630 1078 3684 lector
1110 3629 1224 3684 intende
1247 3628 1370 3702 quod35

339 3727 367 3771 et
388 3716 529 3791 supplicia
554 3727 653 3772 eterna
674 3728 739 3772 sunt
764 3727 790 3771 et
814 3716 871 3770 vitu
893 3728 1044 3791 perpetua,
1070 3727 1175 3773 nietunr
1193 3714 1326 3789 deinceps

340 3821 396 3857 mm
419 3803 525 3858 habeas
549 3805 711 3858 ruinarum.
737 3804 799 3859 Hec
823 3805 1011 3876 leronymus.

383 3891 480 3963 Super
504 3909 564 3963 quo
589 3904 669 3945 textu
705 3890 863 3947 mussitare
888 3903 988 3963 posset
1012 3889 1180 3946 catholicus
1205 3890 1241 3944 de
1265 3886 1324 3944 ista

340 3977 497 4033 locucione
512 3979 580 4032 lesu
605 3977 699 4033 nostri
724 3977 754 4033 in
772 3977 855 4033 finali
874 3976 986 4033 iudicio
1010 3990 1110 4033 utrum
1136 3975 1192 4032 erit
1215 3992 1323 4049 corpo-

341 4063 410 4120 ralis
434 4065 478 4120 vel
504 4064 642 4121 mentalis
667 4065 796 4121 formata
820 4063 849 4119 in
874 4083 942 4120 aere
966 4065 1011 4120 rel
1034 4065 1130 4119 solum
1157 4062 1186 4118 in
1212 4075 1321 4119 mente.
1333 4092 1371 4139 40

392 4294 426 4329 2⁸-
443 4285 473 4323 A:
488 4283 582 4325 diaholo
597 4284 670 4324 twice.
734 4286 768 4325 2b'.
784 4285 817 4325 A:
833 4282 1003 4335 respondebunt
1016 4282 1063 4324 illis
1076 4282 1187 4325 dicentes.
1254 4280 1287 4325 35.
1302 4283 1324 4325 h

340 4334 362 4376 in
379 4346 464 4387 uturp:
479 4335 622 4385 ‚leronymus
691 4332 723 4375 38.
740 4337 759 4377 h
776 4336 797 4377 in
815 4347 888 4387 mnrp.
901 4334 1022 4377 Jolrunner

394 4457 433 4491 22.
453 4442 544 4491 llatth.
563 4444 640 4503 XXV,
661 4443 773 4505 41-46.
