<?xml version="1.0" encoding="UTF-8"?>
<!DOCTYPE html PUBLIC "-//W3C//DTD XHTML 1.0 Transitional//EN"
    "http://www.w3.org/TR/xhtml1/DTD/xhtml1-transitional.dtd">
<html xmlns="http://www.w3.org/1999/xhtml" xml:lang="en" lang="en">
 <head>
  <title>
</title>
<meta http-equiv="Content-Type" content="text/html;charset=utf-8" />
  <meta name='ocr-system' content='tesseract 3.04.00' />
  <meta name='ocr-capabilities' content='ocr_page ocr_carea ocr_par ocr_line ocrx_word'/>
</head>
<body>
  <div class='ocr_page' id='page_1' title='image "./iohanniswyclifo01wyclgoog_0344.png"; bbox 0 0 3098 5130; ppageno 0'>
   <div class='ocr_carea' id='block_1_1' title="bbox 188 447 906 530">
    <p class='ocr_par' dir='ltr' id='par_1_1' title="bbox 188 447 906 530">
     <span class='ocr_line' id='line_1_1' title="bbox 188 447 906 530; baseline 0.008 -22"><span class='ocrx_word' id='word_1_1' title='bbox 188 459 255 504; x_wconf 75' lang='lat' dir='ltr'><strong>car.</strong></span> <span class='ocrx_word' id='word_1_2' title='bbox 275 447 329 530; x_wconf 69' lang='lat' dir='ltr'><strong>vi]</strong></span> <span class='ocrx_word' id='word_1_3' title='bbox 474 464 517 514; x_wconf 83' lang='lat' dir='ltr'><strong>oa</strong></span> <span class='ocrx_word' id='word_1_4' title='bbox 538 463 773 514; x_wconf 72' lang='lat' dir='ltr'><strong>antichristo</strong></span> <span class='ocrx_word' id='word_1_5' title='bbox 794 465 857 514; x_wconf 78' lang='lat' dir='ltr'><strong>tin.</strong></span> <span class='ocrx_word' id='word_1_6' title='bbox 878 466 906 514; x_wconf 85' lang='lat' dir='ltr'><strong>tt.</strong></span> 
     </span>
    </p>
   </div>
   <div class='ocr_carea' id='block_1_2' title="bbox 139 624 1393 4269">
    <p class='ocr_par' dir='ltr' id='par_1_2' title="bbox 139 624 1393 4269">
     <span class='ocr_line' id='line_1_2' title="bbox 188 624 1170 699; baseline -0.001 -17"><span class='ocrx_word' id='word_1_7' title='bbox 188 638 232 683; x_wconf 87' lang='lat' dir='ltr'><strong>est</strong></span> <span class='ocrx_word' id='word_1_8' title='bbox 255 626 337 699; x_wconf 91' lang='lat' dir='ltr'><strong>quod</strong></span> <span class='ocrx_word' id='word_1_9' title='bbox 363 624 443 681; x_wconf 94' lang='lat' dir='ltr'><strong>locio</strong></span> <span class='ocrx_word' id='word_1_10' title='bbox 466 626 576 699; x_wconf 87' lang='lat' dir='ltr'><strong>pedum</strong></span> <span class='ocrx_word' id='word_1_11' title='bbox 602 625 811 699; x_wconf 90' lang='lat' dir='ltr'><strong>apostolorum</strong></span> <span class='ocrx_word' id='word_1_12' title='bbox 834 625 970 699; x_wconf 85' lang='lat' dir='ltr'>inprimit</span> <span class='ocrx_word' id='word_1_13' title='bbox 997 627 1170 683; x_wconf 77' lang='lat' dir='ltr'><strong>servitutem</strong></span> 
     </span>
     <span class='ocr_line' id='line_1_3' title="bbox 188 708 1173 787; baseline -0.002 -17"><span class='ocrx_word' id='word_1_14' title='bbox 188 731 292 770; x_wconf 88' lang='lat' dir='ltr'><strong>eorum</strong></span> <span class='ocrx_word' id='word_1_15' title='bbox 326 708 540 779; x_wconf 76' lang='lat' dir='ltr'><strong>humillimam,</strong></span> <span class='ocrx_word' id='word_1_16' title='bbox 580 727 607 769; x_wconf 89' lang='lat' dir='ltr'><strong>et</strong></span> <span class='ocrx_word' id='word_1_17' title='bbox 642 714 796 787; x_wconf 91' lang='lat' dir='ltr'><strong>quomodo</strong></span> <span class='ocrx_word' id='word_1_18' title='bbox 840 714 950 769; x_wconf 88' lang='lat' dir='ltr'><strong>debent</strong></span> <span class='ocrx_word' id='word_1_19' title='bbox 994 713 1173 770; x_wconf 83' lang='lat' dir='ltr'><strong>allecciones</strong></span> 
     </span>
     <span class='ocr_line' id='line_1_4' title="bbox 188 798 1382 874; baseline -0.001 -17"><span class='ocrx_word' id='word_1_20' title='bbox 188 799 280 857; x_wconf 91' lang='lat' dir='ltr'><strong>animi</strong></span> <span class='ocrx_word' id='word_1_21' title='bbox 298 798 328 855; x_wconf 92' lang='lat' dir='ltr'><strong>in</strong></span> <span class='ocrx_word' id='word_1_22' title='bbox 353 798 505 857; x_wconf 83' lang='lat' dir='ltr'><strong>mundicia</strong></span> <span class='ocrx_word' id='word_1_23' title='bbox 529 817 712 874; x_wconf 72' lang='lat' dir='ltr'>preservare,</span> <span class='ocrx_word' id='word_1_24' title='bbox 737 802 877 857; x_wconf 88' lang='lat' dir='ltr'><strong>Secundo</strong></span> <span class='ocrx_word' id='word_1_25' title='bbox 906 801 1042 857; x_wconf 91' lang='lat' dir='ltr'><strong>Christus</strong></span> <span class='ocrx_word' id='word_1_26' title='bbox 1066 815 1174 857; x_wconf 89' lang='lat' dir='ltr'><strong>notans</strong></span> <span class='ocrx_word' id='word_1_27' title='bbox 1194 814 1273 857; x_wconf 77' lang='lat' dir='ltr'><strong>carisi</strong></span> <span class='ocrx_word' id='word_1_28' title='bbox 1289 814 1382 873; x_wconf 55' lang='lat' dir='ltr'><strong>stranea</strong></span> 
     </span>
     <span class='ocr_line' id='line_1_5' title="bbox 188 866 1369 963; baseline 0 -19"><span class='ocrx_word' id='word_1_29' title='bbox 188 905 272 944; x_wconf 91' lang='lat' dir='ltr'><strong>suam</strong></span> <span class='ocrx_word' id='word_1_30' title='bbox 305 885 554 943; x_wconf 90' lang='lat' dir='ltr'><strong>omniscienciam</strong></span> <span class='ocrx_word' id='word_1_31' title='bbox 592 888 788 944; x_wconf 86' lang='lat' dir='ltr'>commendat</span> <span class='ocrx_word' id='word_1_32' title='bbox 822 889 1014 961; x_wconf 89' lang='lat' dir='ltr'><strong>quorundam</strong></span> <span class='ocrx_word' id='word_1_33' title='bbox 1053 903 1174 963; x_wconf 91' lang='lat' dir='ltr'><strong>aposto·</strong></span> <span class='ocrx_word' id='word_1_34' title='bbox 1205 866 1369 963; x_wconf 54' lang='lat' dir='ltr'><strong>omntldiicnca.</strong></span> 
     </span>
     <span class='ocr_line' id='line_1_6' title="bbox 139 972 1174 1049; baseline 0.002 -20"><span class='ocrx_word' id='word_1_35' title='bbox 139 975 284 1031; x_wconf 51' lang='lat' dir='ltr'><strong>&amp;lorum</strong></span> <span class='ocrx_word' id='word_1_36' title='bbox 319 992 444 1030; x_wconf 90' lang='lat' dir='ltr'><strong>suorum</strong></span> <span class='ocrx_word' id='word_1_37' title='bbox 488 972 674 1031; x_wconf 83' lang='lat' dir='ltr'><strong>mundiciam</strong></span> <span class='ocrx_word' id='word_1_38' title='bbox 713 986 742 1030; x_wconf 87' lang='lat' dir='ltr'><strong>et</strong></span> <span class='ocrx_word' id='word_1_39' title='bbox 783 976 929 1049; x_wconf 85' lang='lat' dir='ltr'><strong>dampnat</strong></span> <span class='ocrx_word' id='word_1_40' title='bbox 968 975 1066 1031; x_wconf 89' lang='lat' dir='ltr'><strong>debite</strong></span> <span class='ocrx_word' id='word_1_41' title='bbox 1099 977 1174 1031; x_wconf 89' lang='lat' dir='ltr'><strong>Jude</strong></span> 
     </span>
     <span class='ocr_line' id='line_1_7' title="bbox 188 1060 1175 1135; baseline -0.001 -17"><span class='ocrx_word' id='word_1_42' title='bbox 188 1060 359 1122; x_wconf 84' lang='lat' dir='ltr'><strong>avariciam.</strong></span> <span class='ocrx_word' id='word_1_43' title='bbox 370 1063 458 1117; x_wconf 90' lang='lat' dir='ltr'><strong>ludas</strong></span> <span class='ocrx_word' id='word_1_44' title='bbox 469 1060 547 1117; x_wconf 90' lang='lat' dir='ltr'><strong>enim</strong></span> <span class='ocrx_word' id='word_1_45' title='bbox 560 1073 624 1117; x_wconf 94' lang='lat' dir='ltr'><strong>toto</strong></span> <span class='ocrx_word' id='word_1_46' title='bbox 634 1073 772 1135; x_wconf 89' lang='lat' dir='ltr'><strong>tempore</strong></span> <span class='ocrx_word' id='word_1_47' title='bbox 785 1060 873 1117; x_wconf 92' lang='lat' dir='ltr'><strong>huius</strong></span> <span class='ocrx_word' id='word_1_48' title='bbox 885 1061 1032 1118; x_wconf 88' lang='lat' dir='ltr'><strong>sermonis</strong></span> <span class='ocrx_word' id='word_1_49' title='bbox 1043 1062 1175 1119; x_wconf 90' lang='lat' dir='ltr'><strong>creditur</strong></span> 
     </span>
     <span class='ocr_line' id='line_1_8' title="bbox 189 1147 1175 1224; baseline -0.001 -19"><span class='ocrx_word' id='word_1_50' title='bbox 189 1147 336 1223; x_wconf 83' lang='lat' dir='ltr'><strong>cogitasse</strong></span> <span class='ocrx_word' id='word_1_51' title='bbox 352 1149 508 1224; x_wconf 89' lang='lat' dir='ltr'><strong>quomodo</strong></span> <span class='ocrx_word' id='word_1_52' title='bbox 520 1161 644 1222; x_wconf 90' lang='lat' dir='ltr'><strong>propter</strong></span> <span class='ocrx_word' id='word_1_53' title='bbox 659 1147 818 1222; x_wconf 88' lang='lat' dir='ltr'><strong>pecuniam</strong></span> <span class='ocrx_word' id='word_1_54' title='bbox 832 1148 1026 1223; x_wconf 89' lang='lat' dir='ltr'><strong>pontificibus</strong></span> <span class='ocrx_word' id='word_1_55' title='bbox 1043 1151 1175 1206; x_wconf 86' lang='lat' dir='ltr'><strong>traderet</strong></span> 
     </span>
     <span class='ocr_line' id='line_1_9' title="bbox 189 1235 1175 1303; baseline 0.002 -12"><span class='ocrx_word' id='word_1_56' title='bbox 189 1235 343 1292; x_wconf 90' lang='lat' dir='ltr'><strong>dominum</strong></span> <span class='ocrx_word' id='word_1_57' title='bbox 367 1238 468 1292; x_wconf 87' lang='lat' dir='ltr'><strong>lesum</strong></span> <span class='ocrx_word' id='word_1_58' title='bbox 493 1235 664 1303; x_wconf 88' lang='lat' dir='ltr'><strong>Christum;</strong></span> <span class='ocrx_word' id='word_1_59' title='bbox 697 1248 726 1291; x_wconf 92' lang='lat' dir='ltr'><strong>et</strong></span> <span class='ocrx_word' id='word_1_60' title='bbox 754 1254 822 1292; x_wconf 90' lang='lat' dir='ltr'><strong>curn</strong></span> <span class='ocrx_word' id='word_1_61' title='bbox 847 1235 903 1293; x_wconf 91' lang='lat' dir='ltr'><strong>iste</strong></span> <span class='ocrx_word' id='word_1_62' title='bbox 931 1236 986 1292; x_wconf 91' lang='lat' dir='ltr'><strong>fuit</strong></span> <span class='ocrx_word' id='word_1_63' title='bbox 1018 1238 1084 1293; x_wconf 93' lang='lat' dir='ltr'><strong>fons</strong></span> <span class='ocrx_word' id='word_1_64' title='bbox 1113 1236 1175 1293; x_wconf 90' lang='lat' dir='ltr'><strong>dia·</strong></span> 
     </span>
     <span class='ocr_line' id='line_1_10' title="bbox 189 1322 1173 1399; baseline -0.001 -20"><span class='ocrx_word' id='word_1_65' title='bbox 189 1322 283 1379; x_wconf 89' lang='lat' dir='ltr'><strong>bolice</strong></span> <span class='ocrx_word' id='word_1_66' title='bbox 322 1322 474 1397; x_wconf 86' lang='lat' dir='ltr'><strong>cupidinis</strong></span> <span class='ocrx_word' id='word_1_67' title='bbox 506 1324 709 1389; x_wconf 85' lang='lat' dir='ltr'><strong>sacerdotum,</strong></span> <span class='ocrx_word' id='word_1_68' title='bbox 748 1335 831 1399; x_wconf 90' lang='lat' dir='ltr'><strong>patet</strong></span> <span class='ocrx_word' id='word_1_69' title='bbox 864 1341 955 1397; x_wconf 90' lang='lat' dir='ltr'><strong>quam</strong></span> <span class='ocrx_word' id='word_1_70' title='bbox 991 1323 1087 1398; x_wconf 90' lang='lat' dir='ltr'><strong>turpis</strong></span> <span class='ocrx_word' id='word_1_71' title='bbox 1119 1323 1173 1378; x_wconf 91' lang='lat' dir='ltr'><strong>fuit</strong></span> 
     </span>
     <span class='ocr_line' id='line_1_11' title="bbox 151 1409 1175 1485; baseline 0 -20"><span class='ocrx_word' id='word_1_72' title='bbox 151 1429 239 1484; x_wconf 79' lang='lat' dir='ltr'><strong>iopes</strong></span> <span class='ocrx_word' id='word_1_73' title='bbox 265 1409 373 1466; x_wconf 87' lang='lat' dir='ltr'><strong>mentis</strong></span> <span class='ocrx_word' id='word_1_74' title='bbox 406 1411 477 1466; x_wconf 92' lang='lat' dir='ltr'><strong>lude</strong></span> <span class='ocrx_word' id='word_1_75' title='bbox 509 1424 538 1466; x_wconf 90' lang='lat' dir='ltr'><strong>et</strong></span> <span class='ocrx_word' id='word_1_76' title='bbox 565 1428 618 1483; x_wconf 88' lang='lat' dir='ltr'><strong>per</strong></span> <span class='ocrx_word' id='word_1_77' title='bbox 651 1427 838 1485; x_wconf 90' lang='lat' dir='ltr'><strong>consequens</strong></span> <span class='ocrx_word' id='word_1_78' title='bbox 867 1423 947 1466; x_wconf 91' lang='lat' dir='ltr'><strong>totus</strong></span> <span class='ocrx_word' id='word_1_79' title='bbox 975 1410 1102 1484; x_wconf 87' lang='lat' dir='ltr'><strong>ipsemet</strong></span> <span class='ocrx_word' id='word_1_80' title='bbox 1130 1422 1175 1467; x_wconf 90' lang='lat' dir='ltr'><strong>est</strong></span> 
     </span>
     <span class='ocr_line' id='line_1_12' title="bbox 189 1495 1377 1571; baseline -0.001 -19"><span class='ocrx_word' id='word_1_81' title='bbox 189 1496 375 1556; x_wconf 90' lang='lat' dir='ltr'><strong>immundus.</strong></span> <span class='ocrx_word' id='word_1_82' title='bbox 408 1500 443 1553; x_wconf 88' lang='lat' dir='ltr'><strong>Et</strong></span> <span class='ocrx_word' id='word_1_83' title='bbox 476 1495 524 1553; x_wconf 91' lang='lat' dir='ltr'><strong>hic</strong></span> <span class='ocrx_word' id='word_1_84' title='bbox 557 1510 640 1571; x_wconf 89' lang='lat' dir='ltr'><strong>patet</strong></span> <span class='ocrx_word' id='word_1_85' title='bbox 675 1496 788 1554; x_wconf 86' lang='lat' dir='ltr'><strong>facecia</strong></span> <span class='ocrx_word' id='word_1_86' title='bbox 813 1496 934 1568; x_wconf 84' lang='lat' dir='ltr'><strong>Christi,</strong></span> <span class='ocrx_word' id='word_1_87' title='bbox 970 1500 1040 1554; x_wconf 89' lang='lat' dir='ltr'><strong>dum</strong></span> <span class='ocrx_word' id='word_1_88' title='bbox 1075 1497 1174 1553; x_wconf 81' lang='lat' dir='ltr'><strong>verbis</strong></span> <span class='ocrx_word' id='word_1_89' title='bbox 1194 1510 1377 1570; x_wconf 57' lang='lat' dir='ltr'><strong>&#39;strada-vittas</strong></span> 
     </span>
     <span class='ocr_line' id='line_1_13' title="bbox 190 1563 1356 1669; baseline -0.001 -29"><span class='ocrx_word' id='word_1_90' title='bbox 190 1583 381 1658; x_wconf 77' lang='lat' dir='ltr'><strong>generalibus</strong></span> <span class='ocrx_word' id='word_1_91' title='bbox 404 1596 495 1658; x_wconf 89' lang='lat' dir='ltr'><strong>atque</strong></span> <span class='ocrx_word' id='word_1_92' title='bbox 528 1600 647 1640; x_wconf 91' lang='lat' dir='ltr'><strong>summe</strong></span> <span class='ocrx_word' id='word_1_93' title='bbox 672 1583 871 1658; x_wconf 89' lang='lat' dir='ltr'><strong>prudentibus</strong></span> <span class='ocrx_word' id='word_1_94' title='bbox 895 1584 997 1657; x_wconf 92' lang='lat' dir='ltr'><strong>prodit</strong></span> <span class='ocrx_word' id='word_1_95' title='bbox 1023 1584 1172 1641; x_wconf 82' lang='lat' dir='ltr'><strong>maliciam</strong></span> <span class='ocrx_word' id='word_1_96' title='bbox 1220 1563 1356 1669; x_wconf 46' lang='lat' dir='ltr'><strong>&#39;ngr‘i‘flss&#39;ffd</strong></span> 
     </span>
     <span class='ocr_line' id='line_1_14' title="bbox 189 1667 1386 1762; baseline 0 -35"><span class='ocrx_word' id='word_1_97' title='bbox 189 1670 352 1728; x_wconf 90' lang='lat' dir='ltr'><strong>traditoris.</strong></span> <span class='ocrx_word' id='word_1_98' title='bbox 388 1672 446 1728; x_wconf 92' lang='lat' dir='ltr'><strong>Sed</strong></span> <span class='ocrx_word' id='word_1_99' title='bbox 471 1669 521 1727; x_wconf 92' lang='lat' dir='ltr'><strong>hic</strong></span> <span class='ocrx_word' id='word_1_100' title='bbox 544 1669 683 1727; x_wconf 89' lang='lat' dir='ltr'><strong>diabolus</strong></span> <span class='ocrx_word' id='word_1_101' title='bbox 712 1670 812 1745; x_wconf 90' lang='lat' dir='ltr'><strong>posuit</strong></span> <span class='ocrx_word' id='word_1_102' title='bbox 846 1671 984 1744; x_wconf 89' lang='lat' dir='ltr'><strong>pedicam</strong></span> <span class='ocrx_word' id='word_1_103' title='bbox 1020 1671 1173 1728; x_wconf 86' lang='lat' dir='ltr'><strong>infidelem</strong></span> <span class='ocrx_word' id='word_1_104' title='bbox 1185 1667 1334 1762; x_wconf 48' lang='grc' dir='ltr'><strong>ωῃὲζζζῑξῑῖο</strong></span> <span class='ocrx_word' id='word_1_105' title='bbox 1334 1679 1386 1761; x_wconf 49' lang='lat'><strong>2⁸³</strong></span> 
     </span>
     <span class='ocr_line' id='line_1_15' title="bbox 189 1751 1356 1832; baseline -0.001 -19"><span class='ocrx_word' id='word_1_106' title='bbox 189 1757 218 1814; x_wconf 93' lang='lat' dir='ltr'><strong>in</strong></span> <span class='ocrx_word' id='word_1_107' title='bbox 241 1776 303 1832; x_wconf 90' lang='lat' dir='ltr'><strong>qua</strong></span> <span class='ocrx_word' id='word_1_108' title='bbox 327 1759 434 1832; x_wconf 90' lang='lat' dir='ltr'><strong>pedem</strong></span> <span class='ocrx_word' id='word_1_109' title='bbox 460 1770 581 1832; x_wconf 87' lang='lat' dir='ltr'><strong>caperet</strong></span> <span class='ocrx_word' id='word_1_110' title='bbox 605 1757 771 1814; x_wconf 91' lang='lat' dir='ltr'><strong>christiani.</strong></span> <span class='ocrx_word' id='word_1_111' title='bbox 806 1758 973 1814; x_wconf 87' lang='lat' dir='ltr'><strong>Introduxit</strong></span> <span class='ocrx_word' id='word_1_112' title='bbox 997 1759 1076 1815; x_wconf 92' lang='lat' dir='ltr'><strong>enim</strong></span> <span class='ocrx_word' id='word_1_113' title='bbox 1103 1778 1173 1815; x_wconf 93' lang='lat' dir='ltr'><strong>con·</strong></span> <span class='ocrx_word' id='word_1_114' title='bbox 1218 1751 1356 1815; x_wconf 60' lang='lat' dir='ltr'><strong>Christiana.</strong></span> 
     </span>
     <span class='ocr_line' id='line_1_16' title="bbox 150 1843 1174 1921; baseline 0 -20"><span class='ocrx_word' id='word_1_115' title='bbox 150 1843 348 1902; x_wconf 67' lang='lat' dir='ltr'><strong>tifessionem</strong></span> <span class='ocrx_word' id='word_1_116' title='bbox 373 1844 522 1918; x_wconf 90' lang='lat' dir='ltr'><strong>privatam</strong></span> <span class='ocrx_word' id='word_1_117' title='bbox 548 1843 765 1902; x_wconf 89' lang='lat' dir='ltr'><strong>infundabilem</strong></span> <span class='ocrx_word' id='word_1_118' title='bbox 792 1859 820 1901; x_wconf 89' lang='lat' dir='ltr'><strong>et</strong></span> <span class='ocrx_word' id='word_1_119' title='bbox 843 1859 1005 1921; x_wconf 87' lang='lat' dir='ltr'><strong>postquam</strong></span> <span class='ocrx_word' id='word_1_120' title='bbox 1031 1846 1081 1903; x_wconf 91' lang='lat' dir='ltr'><strong>illa</strong></span> <span class='ocrx_word' id='word_1_121' title='bbox 1105 1865 1174 1902; x_wconf 89' lang='lat' dir='ltr'><strong>con-</strong></span> 
     </span>
     <span class='ocr_line' id='line_1_17' title="bbox 188 1930 1175 2007; baseline -0.001 -19"><span class='ocrx_word' id='word_1_122' title='bbox 188 1931 291 1989; x_wconf 84' lang='lat' dir='ltr'><strong>fessori</strong></span> <span class='ocrx_word' id='word_1_123' title='bbox 324 1944 396 1989; x_wconf 87' lang='lat' dir='ltr'><strong>nota</strong></span> <span class='ocrx_word' id='word_1_124' title='bbox 431 1930 519 1988; x_wconf 91' lang='lat' dir='ltr'><strong>fuerit</strong></span> <span class='ocrx_word' id='word_1_125' title='bbox 550 1944 583 1987; x_wconf 91' lang='lat' dir='ltr'><strong>ut</strong></span> <span class='ocrx_word' id='word_1_126' title='bbox 615 1932 711 2006; x_wconf 87' lang='lat' dir='ltr'><strong>legem</strong></span> <span class='ocrx_word' id='word_1_127' title='bbox 749 1931 854 1988; x_wconf 86' lang='lat' dir='ltr'><strong>statuit</strong></span> <span class='ocrx_word' id='word_1_128' title='bbox 887 1936 968 2007; x_wconf 89' lang='lat' dir='ltr'><strong>quod</strong></span> <span class='ocrx_word' id='word_1_129' title='bbox 1002 1952 1056 1990; x_wconf 91' lang='lat' dir='ltr'><strong>nec</strong></span> <span class='ocrx_word' id='word_1_130' title='bbox 1088 1933 1175 2007; x_wconf 87' lang='lat' dir='ltr'><strong>spiri-</strong></span> 
     </span>
     <span class='ocr_line' id='line_1_18' title="bbox 188 2017 1175 2094; baseline -0.001 -19"><span class='ocrx_word' id='word_1_131' title='bbox 188 2019 309 2076; x_wconf 90' lang='lat' dir='ltr'><strong>tualiter</strong></span> <span class='ocrx_word' id='word_1_132' title='bbox 332 2037 387 2076; x_wconf 92' lang='lat' dir='ltr'><strong>nec</strong></span> <span class='ocrx_word' id='word_1_133' title='bbox 409 2017 589 2093; x_wconf 84' lang='lat' dir='ltr'><strong>generaliter</strong></span> <span class='ocrx_word' id='word_1_134' title='bbox 606 2020 754 2093; x_wconf 87' lang='lat' dir='ltr'><strong>prodatur</strong></span> <span class='ocrx_word' id='word_1_135' title='bbox 770 2020 884 2094; x_wconf 90' lang='lat' dir='ltr'><strong>populo</strong></span> <span class='ocrx_word' id='word_1_136' title='bbox 902 2020 1030 2076; x_wconf 86' lang='lat' dir='ltr'><strong>confessi</strong></span> <span class='ocrx_word' id='word_1_137' title='bbox 1054 2019 1175 2076; x_wconf 85' lang='lat' dir='ltr'><strong>malicia</strong></span> 
     </span>
     <span class='ocr_line' id='line_1_19' title="bbox 188 2104 1174 2181; baseline 0 -19"><span class='ocrx_word' id='word_1_138' title='bbox 188 2120 457 2181; x_wconf 89' lang='lat' dir='ltr'><strong>quantumcunque</strong></span> <span class='ocrx_word' id='word_1_139' title='bbox 481 2104 537 2161; x_wconf 93' lang='lat' dir='ltr'><strong>sibi</strong></span> <span class='ocrx_word' id='word_1_140' title='bbox 569 2104 688 2162; x_wconf 88' lang='lat' dir='ltr'><strong>evidens</strong></span> <span class='ocrx_word' id='word_1_141' title='bbox 722 2105 809 2162; x_wconf 90' lang='lat' dir='ltr'><strong>fuerit</strong></span> <span class='ocrx_word' id='word_1_142' title='bbox 843 2109 924 2181; x_wconf 91' lang='lat' dir='ltr'><strong>quod</strong></span> <span class='ocrx_word' id='word_1_143' title='bbox 960 2108 998 2163; x_wconf 89' lang='lat' dir='ltr'><strong>ad</strong></span> <span class='ocrx_word' id='word_1_144' title='bbox 1032 2125 1174 2180; x_wconf 86' lang='lat' dir='ltr'><strong>magnum</strong></span> 
     </span>
     <span class='ocr_line' id='line_1_20' title="bbox 188 2192 1175 2267; baseline -0.001 -18"><span class='ocrx_word' id='word_1_145' title='bbox 188 2195 354 2267; x_wconf 91' lang='lat' dir='ltr'><strong>dampnum</strong></span> <span class='ocrx_word' id='word_1_146' title='bbox 370 2193 494 2250; x_wconf 87' lang='lat' dir='ltr'><strong>ecclesie</strong></span> <span class='ocrx_word' id='word_1_147' title='bbox 518 2192 653 2267; x_wconf 90' lang='lat' dir='ltr'><strong>prodiret</strong></span> <span class='ocrx_word' id='word_1_148' title='bbox 671 2193 701 2248; x_wconf 93' lang='lat' dir='ltr'><strong>in</strong></span> <span class='ocrx_word' id='word_1_149' title='bbox 719 2192 836 2251; x_wconf 86' lang='lat' dir='ltr'><strong>effectu.</strong></span> <span class='ocrx_word' id='word_1_150' title='bbox 861 2196 897 2249; x_wconf 82' lang='lat' dir='ltr'><strong>Et</strong></span> <span class='ocrx_word' id='word_1_151' title='bbox 914 2194 1019 2250; x_wconf 91' lang='lat' dir='ltr'><strong>fundat</strong></span> <span class='ocrx_word' id='word_1_152' title='bbox 1036 2211 1067 2249; x_wconf 90' lang='lat' dir='ltr'><strong>se</strong></span> <span class='ocrx_word' id='word_1_153' title='bbox 1084 2212 1175 2267; x_wconf 89' lang='lat' dir='ltr'><strong>super</strong></span> 
     </span>
     <span class='ocr_line' id='line_1_21' title="bbox 146 2279 1174 2354; baseline -0.001 -17"><span class='ocrx_word' id='word_1_154' title='bbox 146 2282 246 2337; x_wconf 79' lang='lat' dir='ltr'><strong>20hoc</strong></span> <span class='ocrx_word' id='word_1_155' title='bbox 285 2294 364 2337; x_wconf 83' lang='lat' dir='ltr'><strong>textu</strong></span> <span class='ocrx_word' id='word_1_156' title='bbox 399 2279 573 2354; x_wconf 88' lang='lat' dir='ltr'><strong>evangelico</strong></span> <span class='ocrx_word' id='word_1_157' title='bbox 607 2299 696 2354; x_wconf 90' lang='lat' dir='ltr'><strong>quem</strong></span> <span class='ocrx_word' id='word_1_158' title='bbox 730 2293 906 2339; x_wconf 88' lang='lat' dir='ltr'><strong>tractamus.</strong></span> <span class='ocrx_word' id='word_1_159' title='bbox 942 2281 1087 2350; x_wconf 85' lang='lat' dir='ltr'><strong>Quamvis</strong></span> <span class='ocrx_word' id='word_1_160' title='bbox 1119 2299 1174 2337; x_wconf 91' lang='lat' dir='ltr'><strong>nec</strong></span> 
     </span>
     <span class='ocr_line' id='line_1_22' title="bbox 189 2366 1175 2425; baseline -0.004 1"><span class='ocrx_word' id='word_1_161' title='bbox 189 2367 328 2425; x_wconf 88' lang='lat' dir='ltr'><strong>Scarioth</strong></span> <span class='ocrx_word' id='word_1_162' title='bbox 361 2367 514 2424; x_wconf 87' lang='lat' dir='ltr'><strong>confessus</strong></span> <span class='ocrx_word' id='word_1_163' title='bbox 547 2366 602 2423; x_wconf 88' lang='lat' dir='ltr'><strong>fuit</strong></span> <span class='ocrx_word' id='word_1_164' title='bbox 631 2366 752 2425; x_wconf 92' lang='lat' dir='ltr'><strong>Christo</strong></span> <span class='ocrx_word' id='word_1_165' title='bbox 786 2367 939 2423; x_wconf 90' lang='lat' dir='ltr'><strong>meritorie</strong></span> <span class='ocrx_word' id='word_1_166' title='bbox 972 2387 1058 2423; x_wconf 89' lang='lat' dir='ltr'><strong>suum</strong></span> <span class='ocrx_word' id='word_1_167' title='bbox 1088 2385 1175 2423; x_wconf 90' lang='lat' dir='ltr'><strong>vene·</strong></span> 
     </span>
     <span class='ocr_line' id='line_1_23' title="bbox 189 2450 1174 2529; baseline -0.001 -19"><span class='ocrx_word' id='word_1_168' title='bbox 189 2450 295 2511; x_wconf 84' lang='lat' dir='ltr'><strong>nosltm</strong></span> <span class='ocrx_word' id='word_1_169' title='bbox 329 2452 519 2529; x_wconf 89' lang='lat' dir='ltr'><strong>propositum</strong></span> <span class='ocrx_word' id='word_1_170' title='bbox 559 2472 614 2510; x_wconf 90' lang='lat' dir='ltr'><strong>nec</strong></span> <span class='ocrx_word' id='word_1_171' title='bbox 649 2453 775 2511; x_wconf 87' lang='lat' dir='ltr'><strong>confessi</strong></span> <span class='ocrx_word' id='word_1_172' title='bbox 814 2454 889 2510; x_wconf 90' lang='lat' dir='ltr'><strong>tales</strong></span> <span class='ocrx_word' id='word_1_173' title='bbox 927 2454 1060 2510; x_wconf 88' lang='lat' dir='ltr'><strong>dicentes</strong></span> <span class='ocrx_word' id='word_1_174' title='bbox 1093 2456 1174 2528; x_wconf 89' lang='lat' dir='ltr'><strong>quod</strong></span> 
     </span>
     <span class='ocr_line' id='line_1_24' title="bbox 188 2539 1174 2614; baseline -0.001 -17"><span class='ocrx_word' id='word_1_175' title='bbox 188 2542 292 2598; x_wconf 88' lang='lat' dir='ltr'><strong>volunt</strong></span> <span class='ocrx_word' id='word_1_176' title='bbox 315 2542 413 2599; x_wconf 90' lang='lat' dir='ltr'><strong>facere</strong></span> <span class='ocrx_word' id='word_1_177' title='bbox 437 2542 539 2597; x_wconf 90' lang='lat' dir='ltr'><strong>datam</strong></span> <span class='ocrx_word' id='word_1_178' title='bbox 566 2539 729 2609; x_wconf 84' lang='lat' dir='ltr'><strong>maliciam,</strong></span> <span class='ocrx_word' id='word_1_179' title='bbox 764 2559 796 2596; x_wconf 89' lang='lat' dir='ltr'><strong>ex</strong></span> <span class='ocrx_word' id='word_1_180' title='bbox 830 2560 890 2614; x_wconf 90' lang='lat' dir='ltr'><strong>quo</strong></span> <span class='ocrx_word' id='word_1_181' title='bbox 923 2540 1076 2597; x_wconf 90' lang='lat' dir='ltr'><strong>evidenter</strong></span> <span class='ocrx_word' id='word_1_182' title='bbox 1104 2560 1174 2597; x_wconf 93' lang='lat' dir='ltr'><strong>con—</strong></span> 
     </span>
     <span class='ocr_line' id='line_1_25' title="bbox 188 2626 1365 2704; baseline -0.003 -19"><span class='ocrx_word' id='word_1_183' title='bbox 188 2628 321 2685; x_wconf 90' lang='lat' dir='ltr'><strong>cluditur</strong></span> <span class='ocrx_word' id='word_1_184' title='bbox 344 2629 425 2704; x_wconf 91' lang='lat' dir='ltr'><strong>quod</strong></span> <span class='ocrx_word' id='word_1_185' title='bbox 450 2641 520 2684; x_wconf 91' lang='lat' dir='ltr'><strong>sunt</strong></span> <span class='ocrx_word' id='word_1_186' title='bbox 544 2626 709 2685; x_wconf 89' lang='lat' dir='ltr'><strong>inveterato</strong></span> <span class='ocrx_word' id='word_1_187' title='bbox 720 2627 845 2685; x_wconf 88' lang='lat' dir='ltr'><strong>crimine</strong></span> <span class='ocrx_word' id='word_1_188' title='bbox 870 2628 989 2684; x_wconf 90' lang='lat' dir='ltr'><strong>irretiti:</strong></span> <span class='ocrx_word' id='word_1_189' title='bbox 1016 2627 1175 2685; x_wconf 87' lang='lat' dir='ltr'><strong>maledicta</strong></span> <span class='ocrx_word' id='word_1_190' title='bbox 1218 2640 1365 2700; x_wconf 60' lang='lat' dir='ltr'><strong>alisciae-tor*</strong></span> 
     </span>
     <span class='ocr_line' id='line_1_26' title="bbox 147 2694 1362 2789; baseline -0.001 -18"><span class='ocrx_word' id='word_1_191' title='bbox 147 2723 176 2772; x_wconf 85' lang='lat'><strong>25</strong></span> <span class='ocrx_word' id='word_1_192' title='bbox 189 2733 259 2789; x_wconf 87' lang='lat' dir='ltr'><strong>ergo</strong></span> <span class='ocrx_word' id='word_1_193' title='bbox 292 2729 335 2771; x_wconf 91' lang='lat' dir='ltr'><strong>est</strong></span> <span class='ocrx_word' id='word_1_194' title='bbox 375 2716 493 2772; x_wconf 87' lang='lat' dir='ltr'><strong>cautela</strong></span> <span class='ocrx_word' id='word_1_195' title='bbox 534 2714 647 2771; x_wconf 92' lang='lat' dir='ltr'><strong>diaboli</strong></span> <span class='ocrx_word' id='word_1_196' title='bbox 687 2734 746 2789; x_wconf 89' lang='lat' dir='ltr'><strong>qua</strong></span> <span class='ocrx_word' id='word_1_197' title='bbox 793 2715 891 2788; x_wconf 89' lang='lat' dir='ltr'><strong>arguit</strong></span> <span class='ocrx_word' id='word_1_198' title='bbox 933 2734 986 2789; x_wconf 90' lang='lat' dir='ltr'><strong>per</strong></span> <span class='ocrx_word' id='word_1_199' title='bbox 1023 2715 1123 2772; x_wconf 92' lang='lat' dir='ltr'><strong>locum</strong></span> <span class='ocrx_word' id='word_1_200' title='bbox 1157 2733 1174 2771; x_wconf 87' lang='lat' dir='ltr'><strong>a</strong></span> <span class='ocrx_word' id='word_1_201' title='bbox 1216 2694 1362 2788; x_wconf 46' lang='lat' dir='ltr'><strong>cffififfig</strong></span> 
     </span>
     <span class='ocr_line' id='line_1_27' title="bbox 188 2801 1331 2875; baseline -0.003 -16"><span class='ocrx_word' id='word_1_202' title='bbox 188 2801 384 2859; x_wconf 90' lang='lat' dir='ltr'><strong>similitudine</strong></span> <span class='ocrx_word' id='word_1_203' title='bbox 417 2801 537 2869; x_wconf 90' lang='lat' dir='ltr'><strong>simiali‚</strong></span> <span class='ocrx_word' id='word_1_204' title='bbox 570 2804 651 2875; x_wconf 88' lang='lat' dir='ltr'><strong>quod</strong></span> <span class='ocrx_word' id='word_1_205' title='bbox 676 2802 700 2858; x_wconf 91' lang='lat' dir='ltr'><strong>si</strong></span> <span class='ocrx_word' id='word_1_206' title='bbox 724 2801 861 2859; x_wconf 89' lang='lat' dir='ltr'><strong>Christus</strong></span> <span class='ocrx_word' id='word_1_207' title='bbox 894 2801 967 2857; x_wconf 84' lang='lat' dir='ltr'><strong>dixit</strong></span> <span class='ocrx_word' id='word_1_208' title='bbox 1000 2821 1053 2875; x_wconf 91' lang='lat' dir='ltr'><strong>per</strong></span> <span class='ocrx_word' id='word_1_209' title='bbox 1085 2803 1175 2857; x_wconf 83' lang='lat' dir='ltr'><strong>verba</strong></span> <span class='ocrx_word' id='word_1_210' title='bbox 1251 2805 1331 2841; x_wconf 78' lang='lat' dir='ltr'><strong>secret.</strong></span> 
     </span>
     <span class='ocr_line' id='line_1_28' title="bbox 188 2888 1173 2963; baseline -0.002 -17"><span class='ocrx_word' id='word_1_211' title='bbox 188 2889 341 2963; x_wconf 90' lang='lat' dir='ltr'><strong>generalia</strong></span> <span class='ocrx_word' id='word_1_212' title='bbox 364 2889 484 2963; x_wconf 90' lang='lat' dir='ltr'><strong>culpam</strong></span> <span class='ocrx_word' id='word_1_213' title='bbox 525 2907 615 2962; x_wconf 89' lang='lat' dir='ltr'><strong>quam</strong></span> <span class='ocrx_word' id='word_1_214' title='bbox 651 2907 683 2944; x_wconf 85' lang='lat' dir='ltr'><strong>ex</strong></span> <span class='ocrx_word' id='word_1_215' title='bbox 717 2907 748 2945; x_wconf 91' lang='lat' dir='ltr'><strong>se</strong></span> <span class='ocrx_word' id='word_1_216' title='bbox 772 2889 913 2962; x_wconf 88' lang='lat' dir='ltr'><strong>cognovit</strong></span> <span class='ocrx_word' id='word_1_217' title='bbox 937 2888 1025 2945; x_wconf 90' lang='lat' dir='ltr'><strong>huius</strong></span> <span class='ocrx_word' id='word_1_218' title='bbox 1050 2888 1173 2959; x_wconf 85' lang='lat' dir='ltr'><strong>diaboli,</strong></span> 
     </span>
     <span class='ocr_line' id='line_1_29' title="bbox 188 2975 1175 3050; baseline -0.001 -17"><span class='ocrx_word' id='word_1_219' title='bbox 188 2996 242 3050; x_wconf 90' lang='lat' dir='ltr'><strong>per</strong></span> <span class='ocrx_word' id='word_1_220' title='bbox 285 2975 366 3033; x_wconf 91' lang='lat' dir='ltr'><strong>idem</strong></span> <span class='ocrx_word' id='word_1_221' title='bbox 413 2976 513 3032; x_wconf 91' lang='lat' dir='ltr'><strong>nullus</strong></span> <span class='ocrx_word' id='word_1_222' title='bbox 563 2977 704 3032; x_wconf 89' lang='lat' dir='ltr'><strong>sacerdos</strong></span> <span class='ocrx_word' id='word_1_223' title='bbox 759 2975 854 3032; x_wconf 85' lang='lat' dir='ltr'><strong>fidelis</strong></span> <span class='ocrx_word' id='word_1_224' title='bbox 905 2989 1175 3050; x_wconf 89' lang='lat' dir='ltr'><strong>quantumcunque</strong></span> 
     </span>
     <span class='ocr_line' id='line_1_30' title="bbox 188 3062 1176 3120; baseline -0.002 0"><span class='ocrx_word' id='word_1_225' title='bbox 188 3062 341 3120; x_wconf 90' lang='lat' dir='ltr'><strong>evidenter</strong></span> <span class='ocrx_word' id='word_1_226' title='bbox 357 3081 484 3120; x_wconf 91' lang='lat' dir='ltr'><strong>noscens</strong></span> <span class='ocrx_word' id='word_1_227' title='bbox 504 3063 638 3119; x_wconf 89' lang='lat' dir='ltr'><strong>futurum</strong></span> <span class='ocrx_word' id='word_1_228' title='bbox 656 3063 770 3119; x_wconf 89' lang='lat' dir='ltr'><strong>crimen</strong></span> <span class='ocrx_word' id='word_1_229' title='bbox 788 3062 919 3119; x_wconf 90' lang='lat' dir='ltr'><strong>hominis</strong></span> <span class='ocrx_word' id='word_1_230' title='bbox 936 3064 981 3119; x_wconf 91' lang='lat' dir='ltr'><strong>vel</strong></span> <span class='ocrx_word' id='word_1_231' title='bbox 1005 3065 1176 3120; x_wconf 85' lang='lat' dir='ltr'><strong>hortaretur</strong></span> 
     </span>
     <span class='ocr_line' id='line_1_31' title="bbox 146 3149 1176 3226; baseline -0.005 -16"><span class='ocrx_word' id='word_1_232' title='bbox 146 3165 178 3215; x_wconf 83' lang='lat'><strong>30</strong></span> <span class='ocrx_word' id='word_1_233' title='bbox 188 3153 226 3207; x_wconf 90' lang='lat' dir='ltr'><strong>ad</strong></span> <span class='ocrx_word' id='word_1_234' title='bbox 250 3149 425 3226; x_wconf 88' lang='lat' dir='ltr'><strong>fugiendum</strong></span> <span class='ocrx_word' id='word_1_235' title='bbox 453 3152 530 3207; x_wconf 90' lang='lat' dir='ltr'><strong>hanc</strong></span> <span class='ocrx_word' id='word_1_236' title='bbox 556 3150 707 3207; x_wconf 90' lang='lat' dir='ltr'><strong>maculam</strong></span> <span class='ocrx_word' id='word_1_237' title='bbox 732 3150 778 3206; x_wconf 91' lang='lat' dir='ltr'><strong>vel</strong></span> <span class='ocrx_word' id='word_1_238' title='bbox 802 3152 925 3207; x_wconf 90' lang='lat' dir='ltr'><strong>doceret</strong></span> <span class='ocrx_word' id='word_1_239' title='bbox 948 3152 1094 3225; x_wconf 89' lang='lat' dir='ltr'><strong>populum</strong></span> <span class='ocrx_word' id='word_1_240' title='bbox 1122 3169 1176 3224; x_wconf 88' lang='lat' dir='ltr'><strong>per</strong></span> 
     </span>
     <span class='ocr_line' id='line_1_32' title="bbox 188 3236 1174 3312; baseline -0.002 -18"><span class='ocrx_word' id='word_1_241' title='bbox 188 3240 278 3295; x_wconf 90' lang='lat' dir='ltr'><strong>verba</strong></span> <span class='ocrx_word' id='word_1_242' title='bbox 310 3236 462 3312; x_wconf 87' lang='lat' dir='ltr'><strong>generalia</strong></span> <span class='ocrx_word' id='word_1_243' title='bbox 498 3250 588 3310; x_wconf 89' lang='lat' dir='ltr'><strong>atque</strong></span> <span class='ocrx_word' id='word_1_244' title='bbox 627 3237 794 3311; x_wconf 89' lang='lat' dir='ltr'><strong>prudencia</strong></span> <span class='ocrx_word' id='word_1_245' title='bbox 833 3240 869 3293; x_wconf 89' lang='lat' dir='ltr'><strong>ad</strong></span> <span class='ocrx_word' id='word_1_246' title='bbox 909 3238 969 3294; x_wconf 87' lang='lat' dir='ltr'><strong>tale</strong></span> <span class='ocrx_word' id='word_1_247' title='bbox 1007 3237 1174 3312; x_wconf 88' lang='lat' dir='ltr'><strong>periculum</strong></span> 
     </span>
     <span class='ocr_line' id='line_1_33' title="bbox 188 3323 1176 3399; baseline -0.001 -18"><span class='ocrx_word' id='word_1_248' title='bbox 188 3324 375 3399; x_wconf 90' lang='lat' dir='ltr'><strong>fugiendum.</strong></span> <span class='ocrx_word' id='word_1_249' title='bbox 400 3326 480 3380; x_wconf 93' lang='lat' dir='ltr'><strong>ldem</strong></span> <span class='ocrx_word' id='word_1_250' title='bbox 505 3323 584 3380; x_wconf 82' lang='lat' dir='ltr'><strong>eninr</strong></span> <span class='ocrx_word' id='word_1_251' title='bbox 611 3337 654 3380; x_wconf 91' lang='lat' dir='ltr'><strong>est</strong></span> <span class='ocrx_word' id='word_1_252' title='bbox 678 3343 712 3380; x_wconf 92' lang='lat' dir='ltr'><strong>ac</strong></span> <span class='ocrx_word' id='word_1_253' title='bbox 736 3323 759 3379; x_wconf 92' lang='lat' dir='ltr'><strong>si</strong></span> <span class='ocrx_word' id='word_1_254' title='bbox 783 3323 984 3381; x_wconf 84' lang='lat' dir='ltr'><strong>Antichristus</strong></span> <span class='ocrx_word' id='word_1_255' title='bbox 1009 3325 1176 3398; x_wconf 88' lang='lat' dir='ltr'><strong>preciperet</strong></span> 
     </span>
     <span class='ocr_line' id='line_1_34' title="bbox 188 3410 1174 3486; baseline -0.001 -19"><span class='ocrx_word' id='word_1_256' title='bbox 188 3413 384 3486; x_wconf 86' lang='lat' dir='ltr'><strong>quodnemo</strong></span> <span class='ocrx_word' id='word_1_257' title='bbox 417 3413 506 3468; x_wconf 89' lang='lat' dir='ltr'><strong>debet</strong></span> <span class='ocrx_word' id='word_1_258' title='bbox 538 3429 622 3467; x_wconf 89' lang='lat' dir='ltr'><strong>suam</strong></span> <span class='ocrx_word' id='word_1_259' title='bbox 661 3410 811 3468; x_wconf 89' lang='lat' dir='ltr'><strong>maliciam</strong></span> <span class='ocrx_word' id='word_1_260' title='bbox 837 3411 994 3485; x_wconf 90' lang='lat' dir='ltr'><strong>increpare</strong></span> <span class='ocrx_word' id='word_1_261' title='bbox 1017 3413 1063 3467; x_wconf 82' lang='lat' dir='ltr'><strong>rel</strong></span> <span class='ocrx_word' id='word_1_262' title='bbox 1087 3431 1174 3468; x_wconf 91' lang='lat' dir='ltr'><strong>suum</strong></span> 
     </span>
     <span class='ocr_line' id='line_1_35' title="bbox 188 3497 1176 3574; baseline -0.001 -19"><span class='ocrx_word' id='word_1_263' title='bbox 188 3498 356 3574; x_wconf 89' lang='lat' dir='ltr'><strong>periculum</strong></span> <span class='ocrx_word' id='word_1_264' title='bbox 381 3499 495 3573; x_wconf 92' lang='lat' dir='ltr'><strong>populo</strong></span> <span class='ocrx_word' id='word_1_265' title='bbox 519 3498 689 3572; x_wconf 84' lang='lat' dir='ltr'><strong>propalare.</strong></span> <span class='ocrx_word' id='word_1_266' title='bbox 715 3497 823 3555; x_wconf 89' lang='lat' dir='ltr'><strong>Melius</strong></span> <span class='ocrx_word' id='word_1_267' title='bbox 847 3497 969 3572; x_wconf 86' lang='lat' dir='ltr'><strong>quidem</strong></span> <span class='ocrx_word' id='word_1_268' title='bbox 994 3513 1070 3554; x_wconf 90' lang='lat' dir='ltr'><strong>essct</strong></span> <span class='ocrx_word' id='word_1_269' title='bbox 1094 3499 1176 3573; x_wconf 92' lang='lat' dir='ltr'><strong>quod</strong></span> 
     </span>
     <span class='ocr_line' id='line_1_36' title="bbox 146 3584 1176 3659; baseline -0.003 -16"><span class='ocrx_word' id='word_1_270' title='bbox 146 3585 314 3649; x_wconf 78' lang='lat' dir='ltr'><strong>35omnino</strong></span> <span class='ocrx_word' id='word_1_271' title='bbox 339 3599 468 3642; x_wconf 89' lang='lat' dir='ltr'><strong>cessaret</strong></span> <span class='ocrx_word' id='word_1_272' title='bbox 501 3584 651 3642; x_wconf 88' lang='lat' dir='ltr'><strong>confessio</strong></span> <span class='ocrx_word' id='word_1_273' title='bbox 684 3585 740 3642; x_wconf 91' lang='lat' dir='ltr'><strong>ista</strong></span> <span class='ocrx_word' id='word_1_274' title='bbox 771 3584 937 3659; x_wconf 90' lang='lat' dir='ltr'><strong>sophistica</strong></span> <span class='ocrx_word' id='word_1_275' title='bbox 969 3604 1059 3659; x_wconf 90' lang='lat' dir='ltr'><strong>quam</strong></span> <span class='ocrx_word' id='word_1_276' title='bbox 1094 3586 1176 3659; x_wconf 93' lang='lat' dir='ltr'><strong>quod</strong></span> 
     </span>
     <span class='ocr_line' id='line_1_37' title="bbox 189 3671 1176 3746; baseline -0.003 -17"><span class='ocrx_word' id='word_1_277' title='bbox 189 3672 335 3730; x_wconf 85' lang='lat' dir='ltr'><strong>dormiret</strong></span> <span class='ocrx_word' id='word_1_278' title='bbox 363 3672 519 3746; x_wconf 92' lang='lat' dir='ltr'><strong>correpcio</strong></span> <span class='ocrx_word' id='word_1_279' title='bbox 545 3673 599 3728; x_wconf 93' lang='lat' dir='ltr'><strong>hec</strong></span> <span class='ocrx_word' id='word_1_280' title='bbox 631 3672 811 3746; x_wconf 88' lang='lat' dir='ltr'><strong>evangelica.</strong></span> <span class='ocrx_word' id='word_1_281' title='bbox 848 3671 984 3728; x_wconf 89' lang='lat' dir='ltr'><strong>Christus</strong></span> <span class='ocrx_word' id='word_1_282' title='bbox 1017 3685 1117 3728; x_wconf 91' lang='lat' dir='ltr'><strong>autem</strong></span> <span class='ocrx_word' id='word_1_283' title='bbox 1143 3690 1176 3726; x_wconf 85' lang='lat' dir='ltr'><strong>ex</strong></span> 
     </span>
     <span class='ocr_line' id='line_1_38' title="bbox 189 3758 1190 3834; baseline -0.001 -19"><span class='ocrx_word' id='word_1_284' title='bbox 189 3758 409 3816; x_wconf 88' lang='lat' dir='ltr'><strong>omnisciencia</strong></span> <span class='ocrx_word' id='word_1_285' title='bbox 432 3778 486 3816; x_wconf 92' lang='lat' dir='ltr'><strong>sua</strong></span> <span class='ocrx_word' id='word_1_286' title='bbox 510 3758 592 3815; x_wconf 90' lang='lat' dir='ltr'><strong>novit</strong></span> <span class='ocrx_word' id='word_1_287' title='bbox 617 3777 801 3816; x_wconf 88' lang='lat' dir='ltr'><strong>venenosum</strong></span> <span class='ocrx_word' id='word_1_288' title='bbox 828 3760 900 3814; x_wconf 90' lang='lat' dir='ltr'><strong>lude</strong></span> <span class='ocrx_word' id='word_1_289' title='bbox 925 3758 1114 3834; x_wconf 88' lang='lat' dir='ltr'><strong>propositum</strong></span> <span class='ocrx_word' id='word_1_290' title='bbox 1148 3772 1190 3821; x_wconf 79' lang='lat' dir='ltr'><strong>et¹</strong></span> 
     </span>
     <span class='ocr_line' id='line_1_39' title="bbox 190 3845 1176 3921; baseline -0.002 -19"><span class='ocrx_word' id='word_1_291' title='bbox 190 3847 268 3914; x_wconf 89' lang='lat' dir='ltr'><strong>ideo,</strong></span> <span class='ocrx_word' id='word_1_292' title='bbox 293 3865 361 3903; x_wconf 90' lang='lat' dir='ltr'><strong>cum</strong></span> <span class='ocrx_word' id='word_1_293' title='bbox 379 3845 465 3902; x_wconf 90' lang='lat' dir='ltr'><strong>scivit</strong></span> <span class='ocrx_word' id='word_1_294' title='bbox 489 3845 587 3920; x_wconf 89' lang='lat' dir='ltr'><strong>ipsum</strong></span> <span class='ocrx_word' id='word_1_295' title='bbox 609 3859 725 3903; x_wconf 90' lang='lat' dir='ltr'><strong>tantum</strong></span> <span class='ocrx_word' id='word_1_296' title='bbox 751 3845 899 3903; x_wconf 89' lang='lat' dir='ltr'><strong>indirecte</strong></span> <span class='ocrx_word' id='word_1_297' title='bbox 916 3845 1062 3921; x_wconf 87' lang='lat' dir='ltr'><strong>prolicere</strong></span> <span class='ocrx_word' id='word_1_298' title='bbox 1079 3845 1176 3901; x_wconf 91' lang='lat' dir='ltr'><strong>noluit</strong></span> 
     </span>
     <span class='ocr_line' id='line_1_40' title="bbox 189 3931 1175 4009; baseline -0.003 -19"><span class='ocrx_word' id='word_1_299' title='bbox 189 3932 263 3990; x_wconf 91' lang='lat' dir='ltr'><strong>illud</strong></span> <span class='ocrx_word' id='word_1_300' title='bbox 287 3931 465 4007; x_wconf 89' lang='lat' dir='ltr'><strong>simpliciter</strong></span> <span class='ocrx_word' id='word_1_301' title='bbox 487 3932 650 4007; x_wconf 82' lang='lat' dir='ltr'><strong>impedire3</strong></span> <span class='ocrx_word' id='word_1_302' title='bbox 674 3936 726 3991; x_wconf 91' lang='lat' dir='ltr'><strong>sed</strong></span> <span class='ocrx_word' id='word_1_303' title='bbox 743 3934 955 4009; x_wconf 90' lang='lat' dir='ltr'><strong>prophetando</strong></span> <span class='ocrx_word' id='word_1_304' title='bbox 980 3935 1175 3990; x_wconf 88' lang='lat' dir='ltr'><strong>mandaverat</strong></span> 
     </span>
     <span class='ocr_line' id='line_1_41' title="bbox 145 4020 566 4098; baseline 0.01 -26"><span class='ocrx_word' id='word_1_305' title='bbox 145 4021 267 4098; x_wconf 80' lang='lat' dir='ltr'><strong>40quod</strong></span> <span class='ocrx_word' id='word_1_306' title='bbox 280 4020 372 4096; x_wconf 84' lang='lat' dir='ltr'><strong>jacis,</strong></span> <span class='ocrx_word' id='word_1_307' title='bbox 388 4020 446 4095; x_wconf 83' lang='lat' dir='ltr'><strong>sac</strong></span> <span class='ocrx_word' id='word_1_308' title='bbox 469 4020 566 4081; x_wconf 82' lang='lat' dir='ltr'><strong>cicius,</strong></span> 
     </span>
     <span class='ocr_line' id='line_1_42' title="bbox 233 4105 1393 4182; baseline -0.009 -18"><span class='ocrx_word' id='word_1_309' title='bbox 233 4107 292 4165; x_wconf 95' lang='lat' dir='ltr'><strong>Ubi</strong></span> <span class='ocrx_word' id='word_1_310' title='bbox 332 4107 434 4164; x_wconf 86' lang='lat' dir='ltr'><strong>fideles</strong></span> <span class='ocrx_word' id='word_1_311' title='bbox 472 4107 529 4164; x_wconf 92' lang='lat' dir='ltr'><strong>tria</strong></span> <span class='ocrx_word' id='word_1_312' title='bbox 568 4106 701 4178; x_wconf 88' lang='lat' dir='ltr'><strong>eliciunt,</strong></span> <span class='ocrx_word' id='word_1_313' title='bbox 740 4106 839 4182; x_wconf 90' lang='lat' dir='ltr'><strong>primo</strong></span> <span class='ocrx_word' id='word_1_314' title='bbox 879 4107 990 4163; x_wconf 89' lang='lat' dir='ltr'><strong>claram</strong></span> <span class='ocrx_word' id='word_1_315' title='bbox 1031 4105 1262 4162; x_wconf 74' lang='lat' dir='ltr'><strong>noticiamerec</strong></span> <span class='ocrx_word' id='word_1_316' title='bbox 1277 4116 1355 4169; x_wconf 72' lang='lat' dir='ltr'><strong>things</strong></span> <span class='ocrx_word' id='word_1_317' title='bbox 1369 4124 1393 4157; x_wconf 73' lang='grc' dir='ltr'><strong>ιο</strong></span> 
     </span>
     <span class='ocr_line' id='line_1_43' title="bbox 189 4168 1361 4269; baseline -0.003 -17"><span class='ocrx_word' id='word_1_318' title='bbox 189 4193 301 4252; x_wconf 93' lang='lat' dir='ltr'><strong>Christi</strong></span> <span class='ocrx_word' id='word_1_319' title='bbox 326 4197 362 4252; x_wconf 90' lang='lat' dir='ltr'><strong>de</strong></span> <span class='ocrx_word' id='word_1_320' title='bbox 379 4195 458 4251; x_wconf 88' lang='lat' dir='ltr'><strong>facto</strong></span> <span class='ocrx_word' id='word_1_321' title='bbox 482 4194 651 4269; x_wconf 88' lang='lat' dir='ltr'><strong>proditorio</strong></span> <span class='ocrx_word' id='word_1_322' title='bbox 668 4194 842 4251; x_wconf 85' lang='lat' dir='ltr'><strong>Scariothis.</strong></span> <span class='ocrx_word' id='word_1_323' title='bbox 869 4193 918 4250; x_wconf 85' lang='lat' dir='ltr'><strong>Sic</strong></span> <span class='ocrx_word' id='word_1_324' title='bbox 940 4194 1020 4250; x_wconf 87' lang='lat' dir='ltr'><strong>enim</strong></span> <span class='ocrx_word' id='word_1_325' title='bbox 1038 4193 1175 4250; x_wconf 88' lang='lat' dir='ltr'><strong>Christus</strong></span> <span class='ocrx_word' id='word_1_326' title='bbox 1213 4171 1239 4211; x_wconf 51' lang='grc' dir='ltr'>Μ</span> <span class='ocrx_word' id='word_1_327' title='bbox 1255 4168 1361 4210; x_wconf 74' lang='lat' dir='ltr'><strong>learned:</strong></span> 
     </span>
    </p>
   </div>
   <div class='ocr_carea' id='block_1_3' title="bbox 186 4360 1173 4468">
    <p class='ocr_par' dir='ltr' id='par_1_3' title="bbox 186 4360 1173 4468">
     <span class='ocr_line' id='line_1_44' title="bbox 239 4360 1173 4415; baseline -0.001 -11"><span class='ocrx_word' id='word_1_328' title='bbox 239 4361 261 4404; x_wconf 89' lang='lat'><strong>8.</strong></span> <span class='ocrx_word' id='word_1_329' title='bbox 276 4363 297 4405; x_wconf 85' lang='grc' dir='ltr'>Α</span> <span class='ocrx_word' id='word_1_330' title='bbox 310 4379 315 4403; x_wconf 88' lang='lat'>=</span> <span class='ocrx_word' id='word_1_331' title='bbox 328 4361 444 4404; x_wconf 76' lang='lat' dir='ltr'><strong>dominum</strong></span> <span class='ocrx_word' id='word_1_332' title='bbox 459 4361 529 4403; x_wconf 86' lang='lat' dir='ltr'><strong>deest.</strong></span> <span class='ocrx_word' id='word_1_333' title='bbox 598 4368 629 4404; x_wconf 74' lang='lat' dir='ltr'><strong>rb,</strong></span> <span class='ocrx_word' id='word_1_334' title='bbox 646 4363 677 4404; x_wconf 77' lang='lat' dir='ltr'><strong>A:</strong></span> <span class='ocrx_word' id='word_1_335' title='bbox 692 4361 774 4404; x_wconf 77' lang='lat' dir='ltr'><strong>statuit</strong></span> <span class='ocrx_word' id='word_1_336' title='bbox 789 4361 863 4404; x_wconf 83' lang='lat' dir='ltr'><strong>twice.</strong></span> <span class='ocrx_word' id='word_1_337' title='bbox 937 4360 973 4415; x_wconf 66' lang='lat' dir='ltr'><strong>ir.</strong></span> <span class='ocrx_word' id='word_1_338' title='bbox 986 4361 1131 4415; x_wconf 79' lang='lat' dir='ltr'><strong>periculum,-</strong></span> <span class='ocrx_word' id='word_1_339' title='bbox 1145 4374 1173 4403; x_wconf 85' lang='lat' dir='ltr'><strong>aa</strong></span> 
     </span>
     <span class='ocr_line' id='line_1_45' title="bbox 186 4414 797 4468; baseline -0.002 -13"><span class='ocrx_word' id='word_1_340' title='bbox 186 4414 334 4468; x_wconf 76' lang='lat' dir='ltr'><strong>propositum</strong></span> <span class='ocrx_word' id='word_1_341' title='bbox 348 4414 485 4468; x_wconf 85' lang='lat' dir='ltr'><strong>legendum:</strong></span> <span class='ocrx_word' id='word_1_342' title='bbox 552 4425 584 4463; x_wconf 71' lang='lat' dir='ltr'><strong>at.</strong></span> <span class='ocrx_word' id='word_1_343' title='bbox 601 4415 621 4456; x_wconf 79' lang='grc' dir='ltr'>Α</span> <span class='ocrx_word' id='word_1_344' title='bbox 637 4415 660 4455; x_wconf 86' lang='lat' dir='ltr'><strong>in</strong></span> <span class='ocrx_word' id='word_1_345' title='bbox 676 4425 741 4467; x_wconf 81' lang='lat' dir='ltr'><strong>marg</strong></span> <span class='ocrx_word' id='word_1_346' title='bbox 757 4427 762 4454; x_wconf 73' lang='grc' dir='ltr'><strong>ε</strong></span> <span class='ocrx_word' id='word_1_347' title='bbox 779 4424 797 4455; x_wconf 87' lang='lat' dir='ltr'><strong>r.</strong></span> 
     </span>
    </p>
   </div>
   <div class='ocr_carea' id='block_1_4' title="bbox 1039 4501 1071 4534">
    <p class='ocr_par' dir='ltr' id='par_1_4' title="bbox 1039 4501 1071 4534">
     <span class='ocr_line' id='line_1_46' title="bbox 1039 4501 1071 4534; baseline -0.063 0"><span class='ocrx_word' id='word_1_348' title='bbox 1039 4501 1071 4534; x_wconf 85' lang='lat'><strong>20</strong></span> 
     </span>
    </p>
   </div>
   <div class='ocr_carea' id='block_1_5' title="bbox 0 0 1555 5130">
    <p class='ocr_par' dir='ltr' id='par_1_5' title="bbox 0 0 1555 5130">
     <span class='ocr_line' id='line_1_47' title="bbox 0 0 1555 5130; baseline 0 0"><span class='ocrx_word' id='word_1_349' title='bbox 0 0 1555 5130; x_wconf 95' lang='lat' dir='ltr'><strong> </strong></span> 
     </span>
    </p>
   </div>
  </div>
 </body>
</html>
