3098 5130
576 491 666 545 orus
684 492 938 547 rvrrortrcun
959 492 1024 546 tra.
1043 493 1084 546 tn.
1110 472 1192 561 [cn.
1206 488 1329 539 xxxvu.

379 654 517 711 Christus
537 654 641 712 docuit
661 674 748 712 suum
770 655 959 731 evangelium
979 655 1161 729 generaliter
1182 671 1211 713 et
1228 656 1327 731 gratis

336 743 450 815 populo
483 741 716 816 predicandum:
745 762 824 820 papa
853 743 1039 824 dogmatizat
1062 743 1090 799 itt
1114 743 1202 800 bullis
1225 745 1326 821 insun-

336 829 479 885 dabr'lihus
506 831 649 904 quomodo
677 848 761 886 suum
792 831 1001 907 beneplacitum
1031 831 1177 887 cesariam
1205 831 1243 888 sit
1267 850 1325 908 po·

332 916 404 991 pulo
425 916 647 993 publicandum.

380 1003 518 1060 Christus
557 1004 659 1061 docuit
698 1017 759 1060 tam
800 1003 861 1061 vita
899 1023 990 1080 quam
1029 1004 1128 1063 verbis
1167 1007 1353 1080 quomodo5

338 1092 435 1147 honor
467 1094 639 1148 mundanus
678 1105 707 1148 et
740 1090 804 1148 eius
837 1093 954 1149 lucrum
986 1110 1053 1148 cum
1084 1091 1127 1149 eis
1166 1111 1225 1168 que
1259 1093 1327 1168 ipsa

336 1178 457 1253 sapiunt
474 1178 533 1235 sint
550 1198 566 1235 a
584 1178 722 1235 fidelibus
739 1178 895 1252 fugienda:
917 1198 996 1255 papa
1021 1191 1116 1236 autem
1142 1181 1328 1259 dogmatizat

335 1267 481 1341 quomodo
506 1267 625 1323 dirrtissa
651 1267 784 1322 doctrina
812 1267 926 1323 Christi
946 1276 1014 1322 sunl
1038 1266 1094 1323 ista
1117 1267 1242 1324 sollicite
1264 1286 1328 1323 am·

334 1355 498 1429 plectendo.

380 1441 519 1499 Christus
552 1440 607 1497 fuit
640 1440 670 1497 in
705 1440 766 1497 suis
799 1440 1053 1514 promissionibus
1087 1459 1205 1498 summe
1238 1460 1374 1500 verusio

337 1545 428 1604 atque
461 1528 592 1585 stabilis:
629 1546 709 1604 papo
738 1539 833 1584 aretem
863 1539 904 1584 est
937 1529 965 1584 in
996 1530 1057 1586 suis
1077 1529 1170 1604 salsis
1202 1540 1230 1585 et
1243 1530 1329 1606 fictis

334 1616 576 1693 promissionibus
606 1633 718 1671 summe
741 1616 859 1690 fallax,
893 1634 962 1672 cum
996 1615 1135 1674 Christus
1164 1634 1226 1673 nou
1258 1634 1330 1691 pro·

337 1704 419 1759 misit
441 1704 516 1760 tales
539 1702 749 1759 absoluciones
773 1721 790 1759 a
813 1720 892 1776 pena
921 1717 949 1759 et
973 1722 990 1760 a
1015 1705 1103 1777 culpa
1125 1722 1193 1760 cum
1220 1704 1329 1761 ceteris

337 1789 539 1864 indulgenciis
563 1809 597 1847 ac
623 1788 786 1864 privilegiis
810 1790 861 1846 secl
880 1790 962 1847 dedit
986 1790 1047 1846 suis
1068 1790 1209 1847 fidelibus
1225 1809 1328 1847 reram
1360 1850 1370 1858 ,

338 1877 557 1935 contricionem
607 1891 635 1934 et
673 1876 889 1950 sempiternam
928 1878 1056 1934 salutem
1095 1877 1212 1935 anime:
1247 1865 1371 1955 popa¹³

337 1977 432 2022 utitem
466 1965 559 2042 fingit
591 1965 618 2019 in
652 1965 781 2020 omnibus
818 1964 879 2020 istis
905 1964 1076 2042 ypocritice
1114 1965 1225 2022 directe
1261 1984 1329 2022 con·

337 2054 473 2112 trarium.

146 2147 223 2218 ‘1'trest-
237 2147 297 2207 eiam
383 2143 419 2196 Et
452 2158 505 2213 per
537 2139 592 2194 hec
624 2153 694 2195 octo
729 2151 826 2212 potest
861 2138 1013 2196 studiosus
1054 2138 1209 2215 percipere
1254 2158 1330 2214 quo·

125 2205 321 2306 ἵζ”ῐῖῗῇζξζίζῗ
341 2229 432 2283 modo
454 2224 591 2283 Christus
612 2240 641 2282 et
657 2245 735 2300 papa
765 2225 897 2282 cesarius
918 2225 949 2284 in
971 2225 1109 2284 doctrina
1130 2240 1159 2284 et
1182 2226 1329 2301 operibus

156 2304 293 2348 Antiatum.
344 2317 552 2372 adversantur.
593 2315 695 2384 Quare
734 2332 805 2386 ergo
835 2332 897 2370 non
936 2313 1012 2370 foret
1050 2313 1118 2370 talis
1157 2313 1374 2388 capitaliterro

340 2400 561 2459 Antichristus?
596 2403 632 2456 Et
655 2400 680 2456 si
704 2399 835 2457 obicitur
859 2413 965 2457 contra
989 2401 1070 2457 hunc
1093 2419 1213 2458 sensum
1239 2419 1329 2460 evan·

339 2489 425 2564 gelii:
455 2489 508 2544 Vel
533 2501 577 2544 est
601 2487 736 2544 obiciens
759 2486 890 2543 infidelis
915 2487 1099 2545 extrinsecus
1123 2488 1169 2545 rel
1197 2487 1329 2545 infidelis

339 2576 474 2651 ypocrita
499 2575 691 2644 intrinsecus,
717 2574 872 2631 confidens
897 2576 934 2631 de
955 2593 1034 2649 pape
1050 2574 1194 2650 suffragio
1211 2589 1330 2651 tempo·

339 2664 409 2733 rali3
450 2663 473 2719 si
503 2662 602 2738 primo
632 2663 734 2731 modo,
772 2660 864 2718 nichil
898 2661 954 2718 sibi
982 2675 1012 2718 et
1044 2661 1113 2718 huic
1148 2662 1264 2733 sensui;
1303 2663 1327 2720 si

339 2753 472 2808 secundo
490 2752 590 2818 modo,
615 2749 676 2806 sire
694 2748 791 2805 maior
814 2747 904 2805 suerit
925 2748 955 2804 in
977 2748 1102 2806 ecclesia
1124 2749 1186 2806 sive
1203 2748 1305 2806 minor
1324 2746 1372 2829 [25

340 2838 490 2913 improbet
530 2837 620 2894 istum
651 2855 773 2894 sensum
808 2849 836 2892 et
865 2838 973 2893 doceat
1011 2854 1044 2892 ex
1083 2836 1142 2893 lide
1179 2836 1329 2911 scripture
1355 2824 1421 2890 4¹⁸⁸

339 2945 459 2982 sensum
494 2923 680 2982 contrarium
717 2924 764 2979 vel
795 2923 890 2980 eciam
915 2922 1047 2994 racione,
1081 2936 1110 2980 et
1145 2942 1329 2999 quocunque

342 3013 444 3069 lecerit
472 3015 518 3069 vel
542 3011 649 3068 dixerit
678 3011 708 3068 in
736 3011 792 3068 hac
817 3024 913 3084 parte,
944 3009 1025 3067 dicta
1049 3009 1234 3084 protestacio
1258 3029 1327 3069 cum

163 3119 303 3178 'ltu-popa
341 3100 443 3155 animo
468 3099 574 3156 humili
606 3099 755 3158 liberabit.
802 3097 940 3154 Christus
972 3097 1066 3155 nichil
1099 3097 1203 3155 docuit
1240 3117 1327 3156 suam

127 3172 324 3264 fflfllf(‡,j¹',23}⁸'¹s¹‚l
341 3187 497 3242 ecclesium
523 3186 580 3243 nisi
606 3200 731 3260 propter
756 3184 859 3242 utilem
886 3199 914 3242 et
938 3183 1142 3242 necessariam
1160 3184 1328 3257 racionem,
1341 3194 1373 3244 30

160 3275 291 3328 eliditur·-
341 3276 392 3329 sed
423 3293 502 3347 papa
530 3273 642 3330 similat
672 3275 767 3329 multa
798 3273 873 3329 falsa
903 3286 931 3329 et
954 3272 1110 3347 superflua
1134 3271 1201 3330 sine
1225 3291 1327 3343 causa,

340 3378 375 3415 ac
400 3360 423 3415 si
448 3380 539 3434 supra
564 3365 659 3417 Deum
686 3360 814 3418 diceret:

385 3448 433 3503 Sic
459 3450 534 3517 rulo,
557 3449 712 3515 siciebat,
735 3448 772 3504 sil
790 3465 847 3524 pro
871 3448 988 3503 racione
1012 3447 1155 3504 voluntas

385 3536 448 3607 Ego
464 3549 564 3592 autem
579 3535 688 3592 nescio
704 3535 877 3610 improbare
894 3534 1019 3591 racione
1034 3534 1080 3591 rel
1095 3532 1245 3608 scriptura
1258 3553 1329 3609 sup·

341 3622 439 3694 positu
473 3622 598 3679 veritate
623 3637 722 3697 gestus
755 3622 872 3697 papalis
900 3621 989 3679 istam
1013 3621 1198 3678 sentenciam
1233 3622 1372 3696 magi-35

342 3709 474 3766 stralem.

670 3846 775 3909 CAP.
800 3844 1001 3907 XXXVII.

385 3970 477 4026 Addit
512 3971 607 4028 eciam
642 3972 720 4029 idem
751 3973 859 4029 doctor
886 3990 941 4046 pro
970 3969 1162 4045 exposicione
1189 3968 1326 4027 ulteriori

343 4057 430 4112 huius
459 4071 555 4114 textus
580 4060 743 4134 evangelici
769 4061 850 4134 quod
875 4058 988 4114 dictum
1018 4057 1206 4132 evangelium
1231 4056 1328 4114 utitur

395 4268 625 4324 rhlnrnarpzo.
680 4270 699 4313 5.
715 4273 736 4313 Α
750 4271 773 4314 in
790 4282 915 4326 nrrrg.:7.
970 4267 1189 4313 nmorrctatur.
1242 4266 1327 4324 37.A:

343 4318 400 4374 Cap.
416 4320 515 4364 ,ttrt't
530 4325 551 4364 Α
567 4323 588 4365 iu
606 4335 692 4377 marn:
707 4323 833 4367 lohannes.
849 4327 881 4367 A:
897 4321 1002 4365 Addidit.

397 4430 436 4479 33.
455 4431 574 4479 Juvenal.
593 4433 647 4481 Sat.
668 4433 710 4494 Vl,
731 4434 788 4486 223.
