3098 5130
217 474 284 516 car.
300 461 405 544 xxxa]
501 480 545 528 nt:
567 478 803 527 nuttcuntsro
825 480 886 527 tm.
908 481 924 528 t.

216 639 388 695 uexationes
410 639 552 695 silvarum
579 639 665 706 rudet,
695 639 756 713 ipse
779 651 874 694 autem
892 639 999 716 flatum
1025 659 1079 694 nou
1104 653 1203 705 seuttt‚·

214 727 254 781 sic
281 727 331 801 qui
366 727 447 801 iufra
484 727 626 781 iusticiam
655 727 734 781 sedet
765 726 902 794 inclusus,
936 727 1050 800 quando
1080 728 1202 781 nuutdus

214 814 370 883 excutitur,
392 831 525 868 rumores
542 813 762 868 tribulacionum
780 813 870 878 audit,
886 814 1051 869 seculorum
1070 813 1202 868 miserias

211 901 345 975 percipit,
378 901 440 975 ipsa
475 919 543 957 uero
571 901 720 957 concussio
753 902 854 955 usundi
885 901 978 976 ipsum
1014 919 1069 956 non
1097 912 1200 955 irroret.

190 990 277 1043 §Hec
302 987 515 1043 Crisostomus.

257 1074 383 1130 Videtur
411 1074 502 1131 istum
531 1087 670 1130 sanctum
701 1074 851 1130 subtiliter
880 1089 908 1131 ct
932 1076 1022 1148 plane
1046 1074 1202 1131 declarare

214 1162 326 1218 iactum
361 1175 388 1218 et
417 1160 584 1235 practicam
613 1179 704 1236 quam
735 1161 892 1218 sentimus.
929 1164 998 1219 ldeo
1026 1174 1146 1236 oportet
1170 1161 1201 1217 in

213 1247 408 1323 sequentibus
433 1250 504 1305 date
528 1248 617 1304 fidem
644 1249 800 1322 evangelio
824 1251 991 1306 secundum
1016 1248 1199 1306 sentenciam

213 1354 304 1411 quam
330 1335 464 1410 exponit.

173 1550 202 1582 to
559 1523 664 1586 CAP.
690 1523 855 1586 XXXII.

256 1667 462 1724 Crisostornus
495 1681 596 1724 autem
631 1667 827 1741 prosequitur
860 1670 950 1724 verba
983 1667 1128 1741 evangelii
1170 1666 1201 1722 in
1228 1677 1393 1734 chrysostom.

213 1755 268 1810 hac
291 1755 405 1810 forma:
430 1755 462 1810 In
486 1767 618 1830 tempore
634 1756 684 1811 illo
701 1774 800 1811 ornnes
819 1767 920 1832 gentes
941 1767 968 1811 et
989 1757 1083 1811 otnuia
1107 1773 1200 1832 regua

211 1859 265 1916 que
308 1841 481 1898 uidebantur
518 1861 579 1898 esse
621 1843 673 1898 sub
711 1843 834 1918 imperio
874 1845 1074 1899 Romanorum
1112 1860 1202 1916 super

211 1939 327 2004 gentem
356 1930 479 1985 artatam
512 1940 577 1985 srmt
608 1942 790 2006 congregate
821 1941 848 1985 et
876 1948 951 2005 pene
982 1931 1078 1986 arnnia
1107 1947 1200 2006 regna

173 2021 302 2090 ιόευμεν
325 2034 449 2094 reguum
473 2017 614 2092 ipsorum.
639 2018 706 2072 Non
727 2028 845 2092 poterat
868 2018 942 2072 euim
959 2017 1062 2092 aliquis
1075 2035 1202 2092 parcere

213 2104 253 2158 eis
284 2103 384 2177 quibus
408 2104 489 2159 Deus
517 2104 708 2162 irascebatur.
742 2104 944 2179 Spiritualiter
967 2116 1062 2160 autern
1092 2105 1129 2160 ita
1158 2105 1200 2159 iu·

211 2191 310 2267 surgit
334 2191 443 2247 heresis
466 2209 555 2266 ευμεν
578 2191 701 2247 heresim
726 2203 753 2246 et
776 2191 957 2266 episcopatus
980 2210 1069 2267 super
1092 2192 1200 2266 episco-

208 2287 318 2353 patum.
353 2278 433 2334 Sicut
456 2278 530 2333 euim
554 2290 621 2333 tunc
645 2278 802 2354 insurgens
825 2296 899 2354 gens
921 2297 1011 2353 super
1032 2289 1148 2355 gentem
1173 2288 1200 2333 et

213 2382 335 2441 regnum
351 2383 441 2440 super
457 2383 581 2442 regnunt
597 2365 713 2441 signum
731 2376 796 2420 crat
807 2366 1016 2421 destruccionis
1026 2365 1199 2431 Jerusalem,

170 2452 252 2506 eosic
272 2463 375 2527 postea
398 2453 553 2530 insurgens
584 2452 693 2508 heresis
712 2470 801 2527 super
821 2452 945 2508 heresim
972 2463 998 2507 et
1018 2452 1201 2526 episcopatus

210 2556 299 2613 super
322 2539 517 2614 episcopatum
542 2538 658 2617 sigmun
675 2539 739 2614 suit
760 2539 993 2615 expugnaciouis
1010 2539 1136 2594 ecclesie.
1161 2539 1200 2593 Et

212 2644 288 2696 rere,
312 2628 389 2700 quod
412 2627 495 2682 dicit:
518 2627 655 2704 Iusurget
674 2645 748 2706 gens
771 2638 872 2683 contra
888 2638 1003 2703 gentem
1028 2637 1054 2680 et
1075 2644 1199 2701 regnum
1254 2669 1313 2711 ttow
1328 2683 1372 2712 oue

210 2731 297 2788 ευμεν
320 2732 454 2790 regnum,
483 2702 551 2790 plus
574 2715 706 2770 conuertit
734 2725 764 2768 ut
786 2714 980 2789 spiritualiter
1003 2713 1201 2789 intelligamus
1237 2722 1391 2782 traresyrtsas

211 2817 285 2855 rtunc
320 2801 355 2856 de
382 2800 530 2857 heresibus
562 2819 646 2875 param
677 2801 872 2876 corporaliter
904 2812 970 2856 tuuc
995 2802 1029 2856 de
1055 2777 1415 2877 gentibus,³3³¹¹¹⁵¹u¹¹⁰¹¹¹⁶s⁴

169 2887 278 2961 aiquia
301 2888 337 2943 de
358 2888 493 2965 gentibus
516 2907 571 2944 nou
592 2899 688 2964 potest
702 2887 840 2962 faciliter
854 2888 929 2963 sieri
951 2888 1067 2944 uocacio
1090 2888 1142 2942 sed
1166 2889 1201 2942 de

210 2974 359 3030 heresibus
381 2975 453 3030 satis
473 2976 579 3051 plane;
602 2994 668 3031 uam
692 2975 767 3031 sicut
790 2975 1024 3049 impedimentum
1050 2986 1092 3029 est
1117 2992 1200 3030 uoca-

211 3061 287 3116 cioni
308 3061 422 3132 eleccio,
446 3063 488 3117 sic
512 3062 647 3118 eleccioni
670 3062 796 3118 uocacio.
827 3062 904 3116 Tttnc
927 3062 1002 3116 anim
1022 3079 1097 3138 gens
1112 3080 1201 3136 super

209 3158 325 3225 gentem
359 3167 413 3204 uon
445 3150 578 3204 surrexit
612 3167 662 3205 uec
700 3167 824 3227 reguum
863 3149 1005 3204 aduersus
1041 3144 1198 3225 regnruu‚{

119 3239 183 3302 416⁶
211 3253 275 3290 cum
306 3254 380 3310 pene
407 3254 504 3292 ontnes
532 3236 583 3291 ille
611 3247 713 3314 gentes
745 3248 773 3291 et
802 3253 893 3313 regna
923 3237 974 3291 sub
999 3237 1199 3310 Rorrtauorum

170 3330 304 3379 Soesseut
336 3323 466 3398 imperio,
490 3324 542 3380 sed
569 3342 668 3379 omues
699 3323 747 3378 ille
773 3335 875 3400 gentes
898 3341 987 3398 super
1011 3342 1095 3377 tritam
1121 3324 1199 3379 erci-

211 3420 269 3464 tate
291 3421 358 3465 sttut
379 3422 494 3488 gentem
517 3410 650 3469 Judeam.
681 3410 759 3465 Tunc
782 3410 855 3465 enirn
879 3428 952 3487 gens
975 3428 1064 3484 super
1083 3422 1199 3487 gentem

210 3508 237 3552 et
275 3515 399 3573 regnum
438 3498 581 3554 adversus
619 3516 743 3575 regnum
781 3497 938 3574 insurgere
972 3509 1050 3552 recte
1083 3498 1200 3567 dicitur,

210 3585 325 3657 prrando
354 3584 474 3640 inuicem
503 3584 559 3640 sibi
578 3596 681 3663 gentes
708 3603 763 3640 uon
786 3594 852 3638 suut
875 3584 998 3640 subiecta
1020 3584 1072 3640 sed
1095 3586 1200 3640 aduer-

210 3681 324 3731 santur.
357 3671 443 3726 Nunc
476 3683 571 3728 aretem
604 3671 715 3728 heresis
747 3689 833 3746 super
870 3671 993 3726 heresim
1027 3672 1199 3741 insurrexit,

170 3758 394 3833 35episcopatus
415 3777 505 3833 ευμεν
527 3759 734 3834 episcopatum.
764 3759 839 3813 Nam
865 3758 958 3813 ournis
981 3757 1090 3813 heresis
1113 3758 1199 3833 impia

210 3844 353 3900 adsersus
376 3864 474 3901 outues
495 3845 611 3902 hereses
629 3846 742 3901 uidetur
758 3845 924 3922 insurgere,
947 3864 1001 3921 que
1017 3864 1072 3901 iton
1088 3845 1201 3920 sapiunt

263 4146 289 4176 υ.
304 4135 325 4177 Α
340 4133 363 4176 in
379 4145 467 4188 maru:
483 4133 652 4182 (Ῑνυοειοιυυε,Ι
668 4133 685 4176 Β
700 4134 723 4176 in
739 4145 825 4186 marg.:
840 4143 883 4188 32.
951 4144 980 4176 tr.
996 4133 1025 4175 tt:
1045 4132 1091 4175 hac
1098 4131 1201 4189 forma:

210 4185 392 4241 Imurgetpens
405 4190 489 4229 contra
508 4190 601 4239 gentem
621 4191 663 4229 etc.
682 4185 708 4228 In
723 4190 767 4228 tem
785 4197 833 4229 ore.
902 4196 933 4238 ¹9·
956 4187 989 4227 A:
1011 4185 1103 4240 siguum
1128 4185 1199 4228 deest.

211 4250 244 4293 ²7·
264 4240 298 4282 A:
321 4240 355 4282 sic
369 4238 482 4282 eleccioni
495 4238 591 4281 vocacr'o
607 4239 678 4280 deest.
746 4240 834 4281 stt:
857 4249 902 4281 non
917 4238 989 4280 deest.
1058 4236 1199 4290 agi-lot:

212 4291 370 4347 snb-gentes
383 4291 455 4333 deest.
523 4288 555 4334 35.
571 4290 601 4332 B:
617 4291 706 4344 impias.

270 4433 306 4465 tt.
326 4417 378 4482 Op.
400 4417 463 4480 ltnp.
484 4416 499 4464 1.
520 4432 540 4465 c.
561 4432 585 4480 p.
605 4432 654 4481 uae
676 4417 752 4471 (CC).
