3098 5130
167 496 236 541 cnr.
252 483 295 566 rt]
451 501 495 549 ms
515 500 753 550 nuttcntttsto
775 501 838 550 tiu.
857 501 875 550 1.

167 661 297 717 dixerint
321 661 400 717 trabis
416 671 531 717 servate
555 673 582 717 et
598 662 694 736 facite
718 674 746 718 et
777 681 838 718 non
868 660 982 718 diceret
1008 661 1050 718 sic
1067 662 1156 718 hodie

167 761 290 822 propter
313 746 573 805 introduccionem
599 747 710 805 heresis
735 747 925 823 ampliorem.

203 836 247 891 Et
271 848 380 892 notant
404 835 507 892 fideles
531 837 688 910 quomodo
710 834 848 893 Christus
866 835 939 892 dicit
962 838 1044 910 quod
1069 854 1159 912 super

166 923 337 978 cathedram
353 923 458 1000 Moysi
478 923 615 979 sederunt
631 923 726 980 scribe
748 935 775 981 et
789 923 930 999 pharisei,
958 922 1157 996 intelligendo

142 1008 220 1083 iper
244 1011 421 1066 cathedram
446 1009 543 1083 Moysi
567 1029 652 1067 suam
683 1008 873 1067 iudiciariam
900 1023 1096 1083 potestatem
1129 1024 1158 1067 et

166 1095 261 1153 variat
285 1097 421 1154 Christus
445 1116 506 1154 non
529 1096 593 1154 sine
626 1115 718 1155 causa
742 1095 865 1154 indubie
896 1096 1021 1154 nomina
1051 1096 1156 1154 talium

168 1183 389 1255 iudicancium;
421 1196 449 1241 et
471 1202 525 1258 per
549 1184 683 1260 primum
708 1183 885 1258 intelligitur
909 1186 992 1259 quod
1016 1185 1090 1242 tales
1114 1184 1160 1241 iu·

167 1271 248 1328 dices
280 1290 342 1328 non
374 1285 505 1347 querunt
536 1285 663 1347 propter
696 1272 825 1328 salutem
864 1270 1036 1329 animarum
1077 1271 1157 1328 istud

168 1358 302 1416 osticium
336 1360 388 1414 sed
423 1372 550 1433 propter
583 1361 773 1416 mundanum
808 1359 919 1416 fastum
954 1373 1006 1416 aut
1039 1359 1157 1416 lucrum

126 1445 395 1520 totemporatium,
429 1459 458 1503 et
491 1460 656 1521 utrumque
680 1460 805 1503 notatur
838 1445 976 1503 fidelibus
1010 1465 1063 1520 per
1101 1448 1158 1504 hoc

167 1536 249 1608 quod
272 1552 363 1609 snpra
387 1533 559 1590 cathedram
577 1534 682 1612 Moysi
695 1535 841 1590 sederunt.
866 1536 933 1591 Non
958 1533 1031 1590 dicit
1055 1548 1157 1591 autem

166 1622 248 1695 quod
272 1620 303 1676 in
334 1621 469 1677 laborem
494 1620 591 1694 Moysi
619 1622 665 1678 vel
691 1620 926 1678 sollicitudinem
949 1620 1158 1679 subintrarunt

166 1710 217 1764 sed
241 1726 331 1783 snper
353 1709 524 1765 cathedram
549 1709 653 1787 Moysi
673 1708 820 1777 sederunt,
844 1722 873 1765 et
896 1707 1028 1765 variacio
1060 1707 1158 1765 nomi-

167 1815 237 1851 num
263 1794 377 1852 scilicet
409 1793 578 1853 scribarum
604 1809 633 1853 et
657 1795 865 1871 phariseorum
896 1809 981 1853 notat
1005 1797 1087 1871 quod
1112 1795 1156 1851 iu-

127 1880 248 1940 ¹5dices
280 1896 416 1957 tempore
448 1881 560 1939 Christi
593 1882 784 1939 aiudicibus
820 1882 967 1957 temporis
996 1882 1091 1957 Moysi
1126 1882 1156 1938 in

169 1969 304 2026 moribus
329 1970 494 2028 variantur.

212 2060 247 2113 Et
281 2071 363 2132 patet
396 2075 431 2114 ex
462 2056 559 2113 verbis
593 2056 802 2130 chrysostomi
841 2071 869 2113 et
902 2057 1024 2114 racione
1060 2057 1155 2114 vivaci
1167 2068 1208 2110 stu
1219 2076 1242 2109 01
1253 2069 1373 2163 acceptura

167 2158 314 2219 quantum
340 2157 468 2219 peccant
484 2143 592 2219 prelati
610 2144 702 2201 hodie
718 2143 770 2219 qui
787 2163 849 2200 non
866 2158 1026 2218 acceptant
1043 2147 1155 2218 gradus
1175 2120 1302 2224 cipp-papi
1315 2133 1359 2214 {5⁵

168 2231 197 2287 in
222 2232 279 2290 isto
303 2232 405 2288 officio
428 2231 484 2288 nisi
511 2244 635 2305 propter
658 2231 769 2288 fastum
788 2245 816 2288 et
832 2232 961 2303 lucrum,
986 2245 1014 2287 et
1031 2246 1156 2305 propter
1233 2224 1307 2278 pride.

125 2321 344 2376 romendacem
379 2337 484 2376 eorum
518 2317 781 2376 conversacionem
815 2319 947 2393 populus
971 2337 1032 2375 non
1066 2321 1154 2375 debet

167 2409 290 2464 credere
315 2406 375 2463 suis
399 2405 591 2462 sermonibus
614 2424 713 2480 neque
737 2404 807 2462 vite.
831 2409 892 2463 Nec
917 2407 973 2462 hoc
996 2406 1094 2462 solum
1112 2420 1155 2462 est

167 2512 270 2551 verum
296 2495 332 2550 de
358 2493 595 2550 mutescentibus
619 2492 730 2567 ydiotis
754 2493 806 2550 sed
833 2495 870 2550 de
886 2492 1031 2550 iratribus
1048 2493 1099 2567 qui
1124 2512 1155 2549 se

168 2581 327 2638 vendicant
362 2600 425 2638 esse
458 2581 619 2655 precipuos
644 2579 844 2654 predicantes.
875 2579 933 2654 Ipsi
958 2579 1036 2636 enim
1063 2598 1155 2655 supra

167 2668 281 2725 scribas
318 2682 346 2724 et
384 2667 540 2744 phariseos
579 2667 654 2742 legis
691 2667 800 2724 veteris
833 2668 1005 2725 fabulantur
1041 2668 1155 2741 populo

126 2754 295 2813 ailudicria
320 2768 410 2830 atque
436 2754 596 2813 mendacia
620 2768 648 2811 et
681 2753 813 2828 correpti
838 2757 875 2811 de
899 2752 1036 2811 tacencia
1064 2773 1154 2811 evan-

167 2843 235 2916 gelii
261 2842 366 2899 dicunt
389 2845 471 2918 quod
495 2842 628 2918 quelibet
652 2840 760 2899 veritas
777 2841 858 2898 utilis
875 2842 989 2916 populo
1006 2855 1051 2898 est
1067 2860 1155 2898 evan-

167 2930 294 3003 gelium3
320 2943 348 2986 et
371 2930 413 2987 sic
438 2929 543 2987 dicunt
567 2928 714 3003 implicite
738 2931 819 3005 quod
844 2927 1035 2985 mendacium
1053 2928 1154 2986 fratris
1187 2936 1253 2997 tata
1267 2938 1351 2992 charge

168 3019 248 3091 apud
273 3021 381 3074 Sarum
407 3019 443 3074 de
467 3019 543 3074 duce
569 3015 744 3074 Lancastrie
768 3016 823 3073 tuit
847 3015 1047 3090 evangelium,
1082 3016 1153 3091 quia
1195 2989 1339 3084 ffliffiie

167 3124 235 3160 cum
260 3104 423 3161 timentibus
448 3106 542 3161 Deum
568 3105 664 3160 onmia
680 3115 878 3180 cooperantur
901 3105 928 3158 in
952 3104 1068 3176 bonnm,
1092 3123 1153 3160 nou
1203 3094 1335 3138 L³¹¹⁶³⁵¹²s·

126 3191 292 3248 indubium
325 3192 397 3266 quin
434 3194 470 3249 ad
504 3191 665 3248 utilitatem
699 3190 822 3248 ecclesie
853 3190 932 3247 cedit
966 3192 1021 3248 hoc
1054 3190 1153 3247 fratris

168 3279 370 3349 mendacium,
403 3298 470 3335 cum
496 3278 697 3335 Antichristus
725 3281 763 3336 ad
788 3278 949 3335 utilitatem
974 3278 1099 3335 ecclesie
1124 3278 1152 3334 in

168 3366 311 3423 memhris
334 3366 395 3422 suis
419 3368 455 3422 de
479 3380 544 3424 arte
569 3365 719 3424 mendacii
743 3366 782 3422 sit
806 3365 974 3434 convictus;
1008 3367 1059 3422 sed
1085 3384 1153 3439 pro-

167 3454 214 3509 cul
237 3472 254 3510 a
279 3453 417 3510 fidelibus
442 3468 473 3510 ut
497 3453 623 3511 audiant
647 3453 768 3511 missam
795 3452 894 3510 fratris
918 3452 1002 3509 cuius
1027 3471 1152 3526 evange-

167 3540 239 3596 lium
265 3553 308 3597 est
332 3540 410 3597 istud
437 3540 643 3609 mendacium
668 3560 735 3598 cum
754 3554 855 3598 autem
878 3554 939 3596 tam
957 3539 1152 3615 pertinaciter

125 3635 155 3684 35
168 3628 254 3684 multi
288 3627 420 3701 religiosi
445 3629 608 3685 defendunt
642 3627 731 3684 hodie
755 3629 836 3703 quod
861 3627 976 3684 licitum
1001 3641 1044 3683 cst
1069 3646 1151 3683 men-

167 3714 216 3771 tiri
241 3729 268 3771 et
293 3728 353 3772 tam
381 3728 517 3788 patenter
541 3715 699 3790 implicant
723 3734 755 3771 se
779 3734 847 3771 cum
874 3716 999 3784 mundo,
1034 3713 1151 3770 videtur

167 3804 248 3876 quod
281 3802 418 3859 Christus
450 3821 510 3859 non
545 3805 606 3859 vult
639 3804 722 3877 quod
755 3801 858 3858 omnia
890 3820 949 3876 que
977 3800 1149 3876 precipiunt

168 3889 269 3946 hdeles
294 3889 405 3946 faciant
429 3909 485 3947 nec
508 3892 589 3964 quod
614 3903 780 3964 sequantur
804 3889 884 3963 ipsos
908 3888 939 3945 in
964 3887 1107 3947 moribus.

218 4149 237 4193 3.
252 4153 273 4193 A
292 4152 315 4194 in
332 4162 418 4205 marga
434 4165 452 4194 1.
526 4163 546 4204 7.
562 4150 650 4194 Codd.:
667 4150 818 4193 indicantum.
903 4160 931 4192 12.
948 4150 976 4192 B:
990 4149 1152 4192 subintrarunt

166 4202 237 4246 deest.
311 4216 340 4257 ¹7-
356 4205 378 4247 A
397 4204 420 4246 in
436 4216 521 4255 mara:
538 4214 559 4246 2.
627 4203 661 4246 28.
677 4205 711 4246 A:
727 4203 791 4257 apua
804 4207 904 4253 sctrum;
919 4202 950 4244 ih.
966 4202 997 4243 A:
1015 4199 1149 4244 lancastre.

165 4254 199 4299 32.
214 4258 247 4299 A:
263 4257 405 4299 cattvt'ncttts.
472 4254 507 4299 35.
523 4257 556 4298 A:
572 4267 598 4298 se
611 4267 661 4298 cnm
675 4267 701 4297 se
715 4267 772 4298 cnm.

220 4366 242 4414 3.
261 4364 350 4415 Matth.
370 4365 458 4425 XXlll,
479 4380 501 4413 2.
575 4363 614 4413 28.
634 4368 667 4413 At
692 4365 850 4413 Parliament
873 4362 904 4412 oi
920 4362 1054 4428 Salishury
1078 4359 1150 4424 1384.

168 4432 265 4482 (Lhron.
285 4435 395 4499 Angliae
416 4435 473 4500 359.
523 4449 562 4500 29·
583 4435 660 4486 nom.
681 4435 747 4493 Vlll,
767 4433 807 4482 28.
