3098 5130
578 508 704 558 orasis
721 508 934 559 evnnofflffl
954 508 1017 558 [nn
1037 508 1079 557 ιν.
1199 488 1281 573 [cue.
1296 501 1326 545 v.

340 668 451 726 taribus
475 668 590 725 nostris.
627 669 660 724 Si
681 669 755 726 enim
779 669 970 739 confiteamur
992 670 1065 725 sicut
1083 661 1089 749 Ι
1108 668 1251 744 scriptum
1274 677 1327 735 est,
1353 664 1416 726 433⁸

336 766 457 832 peccata
475 767 585 827 nostra,
605 757 743 832 profecto
767 757 816 813 ille
840 758 889 832 qui
911 757 983 812 lavit
1004 756 1094 833 pedes
1115 755 1326 831 discipulorum

340 861 459 899 snorum
475 843 577 919 fidelis
600 854 643 899 est
665 855 691 898 et
716 845 806 900 iustus
828 844 879 920 qui
901 844 1027 900 dimittat
1046 853 1169 920 peccata
1193 842 1275 897 nohis
1298 852 1326 898 et

342 930 458 985 mundet
492 949 544 986 nos
567 931 602 985 ab
627 931 705 986 amni
732 931 889 1006 iniquitate,
922 932 953 987 id
975 943 1028 1002 est,
1068 931 1219 1005 usquead
1236 929 1328 1004 pedes

341 1018 442 1091 quihus
464 1035 676 1074 conversamur
699 1019 726 1073 in
751 1029 844 1074 terra.
1339 1019 1352 1069 5

385 1104 512 1160 Proinde
543 1105 663 1160 ecclesia
687 1124 772 1180 quain
802 1106 925 1160 inundat
952 1104 1087 1162 Christus
1110 1105 1231 1160 lauacro
1254 1121 1328 1178 aque

341 1191 368 1246 in
393 1192 491 1261 nerha,
524 1209 579 1247 non
611 1192 704 1247 solum
739 1193 766 1247 in
801 1192 861 1248 illis
883 1202 925 1248 est
955 1193 1016 1247 sine
1049 1191 1163 1247 macula
1186 1202 1214 1247 et
1238 1209 1327 1268 ruga,

341 1278 390 1352 qui
418 1289 486 1353 post
511 1279 661 1334 lavacrum
691 1279 926 1356 regenerationis
949 1279 1081 1335 continue
1102 1296 1142 1334 ex
1164 1279 1248 1333 huius
1272 1278 1329 1334 uite

341 1365 514 1442 contagione
537 1365 681 1421 tolluntur
703 1384 754 1422 nec
776 1367 891 1422 calcant
920 1378 1031 1422 terram
1056 1376 1087 1420 ut
1109 1383 1182 1441 opus
1204 1366 1328 1421 habeant

338 1453 427 1527 pedes
443 1453 556 1523 lauare,
581 1470 682 1508 uerum
700 1454 789 1509 eciam
811 1453 839 1508 in
855 1453 910 1509 hiis
926 1453 1026 1528 quibus
1049 1453 1135 1508 istam
1160 1452 1327 1508 misericor·
1342 1471 1372 1504 ιο

342 1540 419 1595 diam
440 1540 566 1614 prebens
584 1539 727 1597 Dominus
743 1541 820 1615 fecit
836 1559 884 1597 eos
901 1541 936 1596 de
955 1540 1052 1597 seculo
1073 1540 1128 1596 ista
1145 1537 1214 1596 latis
1236 1538 1326 1595 eciam

338 1627 461 1702 pedibus
485 1626 645 1703 emigrare.
672 1627 703 1682 ln
727 1628 782 1683 hiis
797 1638 892 1683 autern
917 1627 967 1702 qui
989 1627 1034 1683 hic
1057 1637 1215 1682 morantur
1236 1626 1327 1682 eciam

342 1713 368 1769 si
390 1713 491 1769 mundi
517 1714 583 1784 sint,
616 1714 749 1787 quoniam
774 1715 847 1770 iuste
876 1714 983 1775 viment.
1011 1732 1082 1790 opus
1105 1726 1201 1770 tamen
1224 1713 1330 1768 habent

340 1801 430 1875 pedes
463 1801 574 1866 lauare,
617 1801 751 1874 quoniam
788 1802 849 1857 sine
878 1813 997 1877 peccato
1030 1801 1127 1876 ntique
1166 1819 1221 1856 non
1252 1810 1327 1856 sunt.

345 1887 470 1961 Propter
486 1887 539 1941 hoc
555 1887 624 1942 dicit
641 1888 669 1942 in
690 1888 809 1944 Cantica
826 1889 1023 1944 canticorum:
1046 1888 1123 1944 Laui
1133 1889 1224 1963 pedes
1240 1905 1328 1943 meos.
1343 1889 1373 1940 15

349 1975 501 2041 Quomodo
525 1973 676 2048 inquinabo
708 1976 797 2032 illas?
820 1976 898 2031 Dicit
922 1977 996 2032 enirn
1022 1976 1084 2045 hoc,
1119 1993 1183 2031 cnm
1212 1974 1330 2051 cogitur

344 2062 384 2116 ad
410 2061 560 2116 Christum
586 2062 684 2117 venire
707 2074 734 2118 et
757 2074 867 2119 terram
892 2063 1009 2119 calcare
1033 2062 1174 2118 conuenit.

389 2149 453 2204 Alia
476 2149 587 2223 questio
611 2167 716 2205 rursus
739 2151 890 2206 erarium:
923 2151 1025 2205 Nonne
1051 2149 1186 2204 Christus
1209 2166 1327 2205 sursum

345 2236 411 2292 est?
434 2236 537 2290 Nonne
560 2236 689 2292 ascendit
713 2236 740 2291 in
764 2238 855 2292 celum
880 2248 907 2292 et
930 2238 1010 2292 sedet
1037 2238 1076 2291 ad
1099 2238 1254 2292 dexteram
1275 2253 1329 2310 pa-

345 2323 423 2378 trist'
458 2323 560 2378 Nonne
584 2324 739 2397 Apostolus
762 2325 870 2379 clamat
898 2335 925 2379 et
949 2324 1032 2379 dicit:
1070 2323 1103 2378 Si
1131 2341 1205 2399 ergo
1229 2340 1375 2378 resur-20

347 2409 467 2466 rexistis
484 2428 547 2465 cum
569 2410 685 2465 Chi-isto
710 2429 763 2486 qne
785 2429 901 2466 sursum
918 2423 985 2467 ,sunt
1000 2411 1102 2485 sapite.
1127 2410 1176 2465 uhi
1194 2410 1331 2465 Christus

346 2507 389 2552 est
416 2498 455 2551 ad
488 2497 625 2552 dostram
652 2498 708 2551 Dei
738 2499 852 2564 sedens,
891 2516 944 2571 qne
974 2517 1091 2554 surnnn
1124 2507 1192 2551 sunt
1219 2496 1331 2570 querite

347 2602 402 2640 non
425 2602 479 2659 qne
501 2602 590 2658 super
613 2586 744 2639 terrain?
778 2586 930 2652 Quomodo
959 2603 1031 2661 ergo
1061 2595 1091 2639 nt
1115 2585 1154 2638 ad
1181 2583 1330 2639 Christum

347 2689 456 2740 eamus,
486 2682 597 2726 terrain
630 2672 747 2727 calcare
770 2672 984 2747 compellimur,
1022 2690 1085 2726 cum
1116 2671 1218 2745 pocius
1251 2671 1332 2725 nobis

346 2776 463 2815 sursum
488 2777 540 2814 cor
557 2759 719 2813 halvendnm
743 2759 779 2814 sit
803 2761 843 2813 od
860 2759 1030 2829 Dominum,
1053 2770 1083 2813 ut
1106 2776 1170 2814 curn
1196 2758 1246 2813 illo
1271 2759 1376 2813 ossea}

345 2846 500 2921 possimus.
548 2845 652 2901 l'idetis
679 2847 801 2920 fratres
838 2847 972 2901 hodierni
1002 2845 1142 2920 temporis
1179 2844 1332 2921 angustias

347 2932 434 2988 istam
468 2943 605 2988 coartare
636 2934 822 3008 questionem.
856 2934 943 3000 Quod
974 2933 1029 2987 etsi
1053 2951 1103 2987 uos
1123 2933 1211 3006 sorte
1239 2931 1333 2987 niinus

349 3019 460 3087 uidetis,
484 3037 539 3096 ego
563 3031 715 3093 utcumque
736 3018 820 3076 uideo
838 3032 943 3095 qnante
966 3019 1172 3095 disputacionis
1192 3019 1332 3095 indigeat.

352 3105 434 3162 Unde
453 3117 521 3180 peto
545 3118 574 3161 nt
592 3126 654 3163 eam
676 3107 778 3182 pocius
793 3108 932 3182 suspendi
954 3125 1038 3182 quain
1065 3107 1110 3163 uel
1132 3106 1334 3183 negligencius

349 3194 395 3273 uel
425 3193 578 3269 angustius
606 3195 791 3269 pertractari
821 3213 876 3250 non
899 3195 1050 3269 fraudata
1082 3193 1135 3249 sed
1158 3193 1250 3248 dilata
1280 3209 1331 3248 er·
1345 3203 1378 3254 30

346 3280 514 3356 pectaeione
534 3282 701 3356 paciamini.
726 3282 830 3336 Aderit
852 3282 926 3336 enirn
945 3282 1087 3336 Dominus
1111 3280 1159 3355 qui
1181 3298 1233 3336 nos
1256 3279 1333 3335 debi-

349 3380 428 3423 tores
444 3368 534 3442 sacit‚
559 3380 588 3423 ut
604 3369 702 3443 jaciat
726 3369 816 3424 eciam
842 3368 1015 3425 redditores.
1049 3370 1112 3424 Hec
1136 3367 1332 3441 Augustinus

754 3608 857 3672 CAP.
883 3608 925 3671 V.

143 3753 336 3845 ΙῖΙΤΙῑῑνξῖῗῐῑῐω
395 3756 436 3808 Ex
474 3751 532 3808 isto
566 3771 707 3825 princessu
732 3751 781 3825 qui
807 3750 925 3807 videtur
949 3750 1048 3806 stultis
1076 3749 1185 3806 sterilis
1209 3762 1334 3823 possunt

135 3812 300 3900 tirosquqqq
352 3841 418 3895 clici
436 3840 575 3896 fidelibus
593 3840 686 3895 inulte
702 3854 788 3899 note:
815 3839 913 3912 primo
931 3838 1047 3894 uidetur
1072 3836 1238 3911 probabile.
1263 3855 1331 3892 cuni
1346 3848 1376 3900 35

180 3921 297 3965 ‘'m-‘³
352 3928 489 3983 Christus
527 3928 607 3983 venit
642 3929 679 3983 nil
716 3927 806 4000 pedes
840 3926 918 3982 Petri
952 3927 1096 3982 lavandos
1130 3938 1156 3980 et
1196 3924 1333 3980 Christus

406 4221 424 4251 2.
441 4209 471 4252 D:
486 4210 556 4252 lauat.
624 4206 703 4251 12·t3.
719 4209 752 4249 A:
768 4211 791 4250 et
803 4208 831 4250 si.
842 4207 931 4250 codd:
946 4209 1031 4250 mundo
1045 4208 1081 4249 sit.
1136 4207 1221 4248 ati-ei.
1237 4207 1271 4248 A:
1284 4216 1335 4246 sur-

354 4264 452 4305 rexistis.
519 4276 554 4304 eo.
572 4262 600 4303 n:
618 4260 682 4303 l'nde
693 4266 758 4314 puto.
831 4260 865 4309 31.
882 4262 903 4303 A
918 4261 940 4302 in
958 4273 1044 4305 niara:
1060 4260 1187 4301 lohannes.

409 4387 429 4420 1.
454 4372 471 4420 Ι.
497 4370 556 4419 toh.
582 4371 598 4431 l,
625 4390 650 4433 o.
755 4368 779 4417 ε’).
808 4368 873 4432 Eph.
894 4370 924 4425 h',
954 4367 993 4416 oti.
1104 4367 1140 4414 15.
1161 4366 1236 4415 Cant.
1257 4367 1287 4425 V,
1313 4367 1336 4416 3.

355 4456 395 4491 aa.
415 4442 473 4490 Col.
493 4440 534 4498 ΙΙΙ,
558 4454 629 4488 1-2.
