3098 5130
580 432 669 515 ortis
688 462 940 516 svsuoeucuu
961 462 1026 515 us.
1044 461 1085 514 ιιι.
1158 440 1241 529 [cie.
1258 454 1337 504 xxx.

705 620 811 685 CAP.
834 620 963 685 XXX.

139 757 309 865 ξξῐὲῐζξθζξοῐᾞέ
383 763 586 823 Crisostotnus
632 778 732 823 autem
779 764 973 840 prosequitur
1011 763 1196 822 sentenciam
1237 763 1334 821 huius

127 864 317 924 consummamur
338 866 434 910 textus
468 851 614 926 evangelii
648 851 678 909 in
711 853 765 909 hec
798 855 902 910 verba:
938 853 969 909 ht
1000 852 1108 927 primis
1139 853 1193 908 hoc
1224 852 1333 909 estimo

134 922 157 959 ⁰¹
172 917 210 960 ¹¹¹⁰
225 917 308 959 suoru.
335 939 515 1016 pretermitti
531 959 586 996 non
604 951 751 1014 oportere,
776 952 807 996 ut
823 940 1040 996 consideremus
1055 939 1124 1015 quid
1139 939 1334 1018 interrogant

337 1027 478 1103 apostoli;
506 1038 532 1082 et
555 1027 597 1082 sic
621 1026 725 1082 melius
748 1028 946 1105 intelligemus
969 1026 1039 1101 quid
1061 1027 1211 1102 respondit
1232 1027 1359 1083 Jesus.5

339 1115 528 1191 Interrogant
559 1114 634 1170 enim
668 1114 720 1170 hec
754 1115 811 1170 duo
842 1115 982 1189 apostoli:
1010 1114 1097 1183 Quod
1121 1114 1238 1190 signum
1273 1113 1333 1169 erit

338 1200 546 1257 destruccionis
560 1200 724 1257 Jerusalem
741 1212 768 1257 et
784 1202 900 1278 signum
925 1201 1186 1258 consummaciouis
1202 1199 1330 1256 mundi?

339 1289 370 1344 ln
394 1288 645 1345 consummacione
667 1288 741 1344 enim
765 1289 863 1365 gentis
885 1288 976 1345 Judee
990 1288 1154 1345 Jerusalem
1177 1288 1330 1344 destructa

338 1387 390 1445 est,
414 1393 467 1449 pue
490 1387 585 1430 tumen
611 1375 763 1430 ridebatur
785 1393 847 1431 esse
867 1376 1042 1447 Jerusalem,
1070 1393 1126 1432 nan
1149 1386 1244 1431 autem
1267 1375 1332 1431 eius

337 1480 392 1539 pue
420 1481 490 1517 vera
514 1473 587 1518 erat.
619 1462 650 1516 In
675 1463 928 1518 cousunnnacione
954 1472 1049 1518 autem
1079 1462 1181 1518 mnndi
1207 1461 1375 1518 ecclesiam

338 1561 388 1604 aret
413 1549 542 1605 desolata
581 1560 631 1603 ant
666 1548 824 1604 desolanda
857 1561 916 1618 est,·
948 1549 1045 1604 adhuc
1067 1559 1163 1607 tamen
1195 1549 1247 1604 illa
1275 1566 1331 1624 que

340 1637 492 1692 uidebatur
523 1635 653 1703 ecclesia,
690 1654 745 1691 non
778 1648 874 1693 autem
909 1654 962 1711 pue
990 1654 1060 1692 vera
1092 1648 1157 1694 erat
1193 1646 1244 1691 aut
1276 1646 1329 1694 est.

340 1723 483 1779 Dominus
506 1734 601 1778 autern
626 1742 681 1778 non
705 1724 864 1798 separatim
889 1723 1040 1799 dixitque
1060 1723 1331 1801 signapertirteant

340 1811 380 1866 ad
408 1811 635 1866 destruccionem
659 1810 823 1866 Jerusalem
851 1822 878 1866 et
901 1828 955 1886 que
982 1811 1022 1865 ad
1050 1809 1328 1867 consummacionem

341 1896 450 1965 numdi,
484 1897 617 1952 uidelicet
644 1907 674 1951 nt
701 1897 788 1975 signa
817 1899 918 1953 eadem
943 1897 1094 1972 pertinere
1123 1897 1371 1953 videanturet15

340 1985 380 2040 ad
406 1984 673 2057 manifestacionem
703 1984 910 2040 destruccionis
932 1984 1096 2040 Jerusalem
1124 1984 1213 2041 etad
1235 1983 1328 2040 maui-

341 2070 535 2147 sestarionem
546 2071 805 2127 connunmacionis
821 2072 930 2141 numdi,
941 2072 1007 2146 quia
1018 2091 1073 2128 non
1086 2071 1168 2146 quasi
1177 2071 1328 2127 historiam

338 2176 395 2234 per
410 2157 542 2213 ordinem
566 2159 700 2233 exposuit
723 2158 773 2225 eis,
797 2161 940 2232 quomodo
965 2177 1013 2215 res
1035 2170 1119 2215 erant
1141 2159 1256 2237 ugende
1277 2157 1330 2214 sed

338 2244 511 2320 prophetico
535 2264 618 2301 more
635 2245 769 2320 predixit
791 2246 831 2301 eis
852 2264 905 2320 que
929 2265 976 2301 res
1000 2255 1084 2302 erant
1106 2246 1229 2324 agende.
1254 2237 1329 2301 Pro·

338 2331 442 2407 phecia
475 2343 570 2388 autem
603 2350 719 2407 semper
742 2351 798 2407 per
827 2333 987 2388 misterium
1016 2332 1126 2388 dicitur
1147 2344 1175 2389 et
1194 2349 1251 2409 per
1274 2331 1328 2386 mi·
1341 2350 1373 2385 20

340 2419 461 2475 sterium
492 2418 675 2496 intelligitur.
712 2420 790 2487 Quid
818 2420 933 2497 igitur?
959 2419 1024 2476 Hec
1047 2419 1133 2497 signa
1157 2421 1193 2475 de
1211 2418 1216 2493 Ι
1227 2420 1331 2495 sama,
1361 2418 1425 2486 415⁴

343 2506 379 2561 de
401 2506 483 2562 hellis
506 2517 533 2561 et
557 2507 592 2562 de
615 2517 784 2577 terremotu,
813 2508 839 2562 si
866 2507 905 2562 ad
925 2507 1043 2582 plenum
1067 2506 1264 2581 spiritualiter
1286 2506 1329 2561 in-

341 2592 477 2670 telligere
510 2593 697 2659 voluerimus,
731 2611 786 2649 nan
806 2604 929 2670 possunt
953 2594 1105 2670 pertinere
1135 2594 1176 2649 ad
1206 2592 1330 2667 manife-

341 2681 499 2736 stacionem
525 2680 734 2736 destruccionis
756 2681 931 2751 Jerusalem,
955 2681 1020 2755 quia
1045 2691 1112 2736 tunc
1134 2675 1331 2755 spiritualiter

340 2785 414 2845 gens
437 2778 538 2823 contra
561 2778 678 2845 gentem
704 2786 758 2824 uon
781 2768 923 2835 surrexit,
957 2769 987 2823 id
1009 2779 1062 2837 est,
1095 2767 1205 2825 heresis
1227 2771 1374 2824 contrari

343 2853 477 2910 heresim.
503 2854 579 2909 Nam
604 2865 735 2929 tempore
754 2855 955 2930 apostolorum
973 2855 1176 2911 tantummodo
1191 2853 1333 2911 seminate

342 2952 408 2996 sunt
418 2942 544 3012 hereses,
561 2953 693 3016 tempore
707 2953 803 2998 autem
820 2942 901 3019 repis
916 2942 1070 2998 christiani
1078 2942 1332 3018 germinaverunt,

343 3029 451 3084 nostris
483 3038 578 3084 autern
612 3029 789 3104 temporibus
821 3040 1027 3085 maturuerunt
1055 3040 1081 3085 et
1109 3028 1331 3104 prevaluerunt.

348 3116 426 3171 Tunc
442 3115 515 3172 enim
531 3116 634 3191 sames
655 3134 710 3172 uon
735 3128 799 3172 erat
822 3116 992 3192 spiritualis,
1014 3116 1067 3172 sed
1086 3134 1195 3194 magna
1216 3116 1333 3172 ubertas

344 3204 379 3258 de
408 3220 462 3277 pua
488 3203 634 3278 propheta
663 3203 791 3259 dicebat:
828 3203 958 3259 Visitasti
984 3215 1098 3258 terrant
1127 3214 1154 3258 et
1183 3201 1333 3259 inebriasti
1345 3209 1379 3260 30

344 3308 418 3359 eam,
444 3289 646 3364 multiplicasti
668 3291 764 3346 ditare
788 3309 860 3346 eam.

388 3376 468 3447 Item,
490 3377 516 3433 si
538 3377 715 3434 noluerimus
743 3379 794 3434 hec
821 3378 906 3455 signa
935 3388 1045 3433 tantum
1069 3376 1267 3452 corporaliter
1289 3366 1332 3431 in'·

344 3464 478 3542 telligere
494 3483 549 3519 non
562 3464 720 3541 proficiunt
736 3467 775 3521 ad
792 3465 1058 3540 rnarn'sestacionern
1075 3462 1334 3522 consummacionis

345 3551 455 3608 mnndi.
484 3552 560 3607 Nam
590 3564 616 3608 et
644 3552 719 3607 bella
749 3552 800 3608 hec
829 3552 996 3628 corporalia
1024 3570 1141 3628 semper·
1154 3552 1283 3627 suerunt
1307 3560 1335 3606 et

344 3656 459 3714 semper
482 3649 583 3706 eruut;
610 3650 636 3694 et
653 3639 755 3712 santes
783 3650 832 3694 atet
861 3649 1037 3696 terremotus
1060 3638 1196 3695 carnales
1218 3644 1381 3712 semper35

336 3726 425 3801 finnt.
451 3726 517 3781 Non
538 3737 634 3801 potest
658 3744 720 3782 esse
742 3726 770 3780 in
793 3726 910 3804 signum
934 3726 1056 3782 alicuius
1080 3725 1124 3781 rei
1129 3726 1239 3800 future
1256 3724 1336 3800 quod

344 3830 459 3888 semper
466 3813 530 3887 suit
546 3813 574 3868 in
585 3831 649 3885 usn,
665 3814 717 3869 sed
732 3814 808 3887 quod
824 3831 928 3868 nouum
944 3813 981 3868 sit
996 3812 1071 3867 illud
1087 3811 1194 3883 dicitur¹
1205 3811 1333 3889 signum.

399 4096 414 4127 ι.
431 4084 447 4126 lt
463 4083 485 4126 in
503 4095 588 4137 rnnrg.:
603 4095 644 4137 3⁰-
712 4093 731 4124 ι.
746 4085 769 4127 Α
783 4082 806 4125 in
822 4094 908 4137 marg.:
929 4082 1093 4126 Crisostomns.
1180 4081 1200 4125 5.
1220 4080 1252 4124 B:
1271 4082 1339 4137 qaod

347 4137 478 4191 respondet.
536 4137 605 4188 ph:
621 4140 643 4177 et
656 4136 832 4192 quodsignum.
892 4134 956 4189 8-9.
971 4134 1060 4178 codd:
1075 4135 1188 4178 ln-eese
1204 4132 1336 4195 Jerusalem

346 4189 418 4231 deest.
472 4202 494 4241 n,
510 4200 540 4231 ιο.
556 4189 589 4230 Α;
605 4187 654 4230 elue
668 4199 713 4242 que
726 4188 797 4230 deest.
852 4187 1250 4241 16-17.B:deslruccionls-mart
1273 4191 1336 4230 esta-

346 4241 435 4335 clondem
455 4241 526 4282 deest.
588 4241 622 4282 ui.
638 4239 668 4282 B:
689 4245 777 4283 tantum
796 4240 864 4283 modo
883 4241 1055 4283 seminaverunt
1073 4245 1183 4293 tempore.
1263 4249 1284 4291 7.
1300 4238 1336 4283 A:

346 4305 391 4348 arto
422 4297 506 4335 notum.

348 4449 351 4455 ,
401 4405 423 4453 3.
444 4401 519 4467 Opus
539 4400 641 4464 imperf.
661 4399 677 4448 1.
697 4416 718 4449 c.
738 4416 829 4466 p.o41
852 4399 1012 4463 (cxcvttl).
1058 4401 1098 4450 31.
1117 4398 1213 4449 Psalm.
1231 4395 1276 4461 64,
1299 4413 1340 4449 ιο.
