3098 5130
211 493 278 535 cae.
294 477 377 560 nvn]
493 496 538 545 ou
559 495 797 546 nnrrcnutsro
818 497 880 546 rto.
901 499 918 546 1.

210 657 330 714 Domini
356 673 557 716 remanentes.
583 659 781 717 Excuciamus
808 678 879 733 ergo
902 661 977 717 tales
1003 659 1196 717 difficultates

208 746 376 819 superfluas
411 761 439 803 et
478 746 572 803 simus
607 747 638 804 in
671 747 899 804 difficultatibus
932 746 1094 804 fructuosis
1126 745 1195 805 fidei

208 832 347 902 stabiliti3
388 847 416 891 et
448 833 754 908 proporcionabiliter
791 847 835 891 est
874 837 911 891 de
943 836 1017 892 tuba
1040 834 1196 892 Michaelis

208 919 381 994 archangeli
404 921 611 979 senciendum.

580 1193 683 1259 CAP.
705 1193 816 1258 LVII.

252 1340 397 1414 Sequitur
421 1339 452 1397 in
476 1354 557 1396 textu
582 1339 724 1396 Matthei:
748 1341 791 1395 Ab
814 1341 923 1397 arbore
946 1353 1041 1396 autem
1058 1341 1114 1417 fici
1136 1341 1193 1420 dis-

206 1429 260 1483 cite
272 1428 466 1503 parabolam:
493 1425 565 1485 Cum
583 1427 641 1483 iam
659 1445 761 1483 ramus
777 1428 838 1484 eius
853 1438 939 1484 tener
952 1429 1053 1503 suerit
1069 1439 1095 1484 et
1112 1428 1192 1503 solia

206 1515 266 1570 eius
290 1525 367 1586 nata,
400 1515 480 1570 scitis
511 1515 577 1589 quia
607 1532 702 1590 prope
724 1525 766 1570 est
789 1525 874 1571 estas.
908 1515 953 1571 Ita
975 1526 1002 1572 et
1026 1533 1092 1571 uos:
1119 1514 1192 1571 Cum

208 1602 338 1658 videritis
362 1602 413 1659 hec
436 1601 542 1672 omnia,
580 1602 680 1658 scitote
703 1602 769 1678 quia
790 1620 885 1678 prope
916 1612 958 1658 est
985 1602 1063 1659 etin
1087 1602 1191 1658 ianuis.

167 1688 295 1745 roAmen
324 1690 388 1745 dico
413 1689 508 1745 vobis:
545 1689 611 1745 Non
637 1689 790 1764 preteribit
816 1689 973 1767 generacio
1002 1691 1063 1756 brec,
1102 1690 1192 1746 donec

205 1776 299 1832 omnia
309 1776 396 1852 fiant.
424 1774 524 1834 Celurn
547 1787 573 1831 et
589 1786 671 1832 terra
694 1776 873 1846 transibunt;
897 1776 985 1832 rerba
1007 1787 1104 1833 autem
1128 1793 1191 1832 mea

205 1882 259 1918 non
282 1864 457 1920 transibunt.

247 1953 345 2023 Super
368 1969 429 2024 quo
452 1953 645 2024 leronymus:
680 1951 739 2006 Sub
777 1951 911 2026 exemplo
943 1950 1061 2006 arboris
1093 1950 1190 2007 docuit
1220 2015 1226 2026 η
1251 1961 1368 2024 terome:¹

204 2037 432 2093 consnrnacionis
454 2038 622 2093 adrentum.
651 2039 814 2108 Quomodo,
838 2038 937 2113 inquit,
959 2037 1074 2112 quando
1098 2039 1190 2094 teneri
1207 2016 1401 2122 Lffi‘lffissgssn

165 2153 171 2184 ι
180 2137 192 2186 5
197 2124 316 2198 fuerint
355 2125 383 2180 in
421 2126 529 2181 arbore
544 2126 624 2202 ficus
652 2125 789 2181 cauliculi
821 2136 848 2181 et
871 2142 988 2202 gemma
1012 2125 1138 2199 erumpit
1161 2119 1397 2216 ἰηιῇῑθὲξὲθὲῃῦῐῖξῐ

205 2211 314 2287 florem
339 2223 498 2287 cortexque
514 2212 594 2288 solia
607 2212 750 2287 parturit,
774 2211 939 2288 intelligitis
961 2211 1059 2267 estatis
1082 2213 1190 2267 adven·
1215 2184 1229 2226 ⁸
1387 2187 1406 2217 θ’

204 2310 262 2353 turn
287 2311 313 2354 et
328 2298 450 2373 favonii
471 2318 505 2355 ac
530 2299 605 2354 reris
638 2299 799 2355 introitum.
832 2299 876 2354 Ita
911 2317 975 2354 cnm
1008 2299 1061 2353 hec
1092 2299 1188 2355 omnia

203 2404 258 2460 que
280 2386 390 2461 scripta
414 2398 481 2442 sunt
498 2385 645 2442 videritis:
668 2385 766 2442 Nolite
785 2397 894 2461 putare
917 2386 974 2441 iam
998 2385 1100 2441 adesse
1122 2403 1188 2441 con-

203 2474 397 2529 sumacionem
436 2474 538 2529 mundi
573 2474 626 2529 sed
657 2474 741 2547 quasi
766 2474 901 2548 proemia
934 2483 961 2528 et
994 2490 1190 2548 precursores

160 2588 192 2621 20
203 2562 342 2633 quosdam
369 2560 475 2631 venire,
508 2572 538 2616 ut
561 2562 713 2616 ostendant
745 2559 822 2634 quod
840 2578 936 2636 prope
967 2559 1004 2616 sit
1041 2559 1130 2616 eciam
1160 2560 1189 2616 in

202 2647 304 2703 ianuis.

245 2736 336 2789 Amen
361 2735 425 2790 dico
450 2735 539 2806 robis,
573 2753 627 2791 non
656 2734 813 2810 preteribit
836 2746 888 2789 etc.
928 2733 1026 2810 Supra
1059 2734 1216 2809 diximus·

201 2822 409 2897 generaciones
433 2822 573 2877 bonorum
606 2832 633 2877 et
661 2838 676 2876 e
702 2820 852 2878 contrario
876 2822 1022 2877 malornm
1047 2839 1109 2878 esse
1130 2823 1188 2878 sin-

200 2908 299 2984 gulas.
323 2908 420 2985 Igitur
443 2920 493 2963 aut
516 2927 599 2964 omne
620 2926 714 2985 genus
737 2907 884 2965 hominum
901 2909 1000 2985 signat
1022 2926 1116 2985 genus
1138 2921 1188 2966 aut

161 3008 190 3058 25
201 2995 368 3069 specialiter
389 2996 560 3053 ludeorurn.

248 3082 348 3137 Celum
373 3093 400 3138 et
421 3093 503 3138 terra
527 3093 581 3138 etc.
609 3083 709 3138 Celum
726 3092 864 3157 terraque
886 3083 1049 3139 transibunt
1073 3084 1100 3139 in
1126 3103 1187 3139 mu·

201 3169 321 3234 racione,
351 3188 406 3224 non
430 3169 590 3226 abolicione
611 3170 664 3226 sni.
698 3169 831 3245 Alioquin
853 3170 997 3244 quomodo
1020 3172 1066 3227 so!
1088 3172 1188 3228 obscu-

202 3256 316 3312 rabitur
343 3267 370 3312 et
394 3257 461 3312 luna
486 3276 541 3313 non
570 3257 650 3312 dabit
678 3257 774 3313 lumen
796 3275 881 3313 suum
909 3268 937 3312 et
964 3257 1047 3314 stelle
1074 3260 1187 3329 cadent,

200 3343 226 3399 si
248 3344 340 3399 celum
366 3344 394 3398 in
418 3362 472 3420 quo
496 3344 551 3400 ista
574 3355 640 3400 sunt
663 3354 802 3419 terraque
819 3363 874 3402 non
891 3344 1000 3419 suerit.
1026 3346 1089 3401 Hec
1104 3348 1187 3402 lero·

159 3448 318 3503 [tonymus.

243 3517 370 3573 Videtur
393 3516 482 3573 istum
500 3532 639 3575 sanctum
664 3536 812 3592 exponere
829 3520 884 3575 hec
906 3521 996 3575 verba
1013 3520 1185 3593 evangelica
1201 3527 1278 3574 There
1293 3539 1355 3592 musy
1371 3531 1398 3574 be

201 3605 237 3659 de
261 3605 394 3661 calendis
418 3604 477 3661 diei
494 3604 597 3662 iudicii
615 3605 660 3662 vel
676 3605 952 3663 consummacionis
968 3605 1071 3665 seculi.
1098 3608 1184 3664 Unde
1203 3590 1393 3678 ἷοῇῗῗῗηὲᾞξ

201 3690 375 3765 philosophi
400 3693 556 3766 loquentes
574 3695 610 3749 de
626 3692 759 3766 periodis
775 3711 877 3749 rerum
895 3692 1183 3768 corruptibiliumet
1226 3686 1264 3729 “¹³
1279 3688 1361 3730 '‘⁰⁶⁶-

201 3778 441 3836 terrninabiliurn
460 3778 563 3835 dicunt
580 3781 663 3854 quod
679 3779 811 3855 quelibet
828 3779 895 3836 talis
919 3798 967 3836 res
983 3782 1073 3837 habet
1097 3799 1182 3838 suern

158 3881 188 3932 35
201 3879 323 3943 etatem,
352 3866 513 3941 periodum
538 3865 599 3923 sive
630 3866 720 3927 diem.
755 3869 792 3924 Et
815 3867 859 3924 sic
883 3885 1003 3925 necesse
1027 3881 1070 3925 est
1094 3867 1182 3940 istum

251 4239 270 4270 2.
286 4229 318 4270 A:
334 4227 473 4288 superfluas.
528 4229 545 4271 5.
561 4226 612 4271 bloc
627 4229 754 4290 capitulum
766 4230 788 4271 in
800 4229 852 4271 cod.
864 4228 1050 4283 cantabrigiensi
1061 4231 1099 4282 (Α)
1111 4230 1182 4273 deest.

197 4292 231 4332 ro.
246 4278 318 4323 Cod:
331 4291 416 4334 prima.
484 4279 516 4323 33,
532 4280 603 4324 Cod.:
616 4280 731 4336 parrodu.

249 4440 274 4490 ti.
294 4441 385 4491 lllatth.
398 4443 489 4505 xxtv,
510 4446 549 4505 32,
571 4444 610 4493 33.
652 4446 689 4496 13.
709 4444 955 4494 communituri.
975 4446 992 4494 l.
1012 4463 1033 4495 c.
1049 4463 1108 4512 pag.
1128 4448 1182 4514 198.

1049 4549 1079 4597 ¹4
