<?xml version="1.0" encoding="UTF-8"?>
<!DOCTYPE html PUBLIC "-//W3C//DTD XHTML 1.0 Transitional//EN"
    "http://www.w3.org/TR/xhtml1/DTD/xhtml1-transitional.dtd">
<html xmlns="http://www.w3.org/1999/xhtml" xml:lang="en" lang="en">
 <head>
  <title>
</title>
<meta http-equiv="Content-Type" content="text/html;charset=utf-8" />
  <meta name='ocr-system' content='tesseract 3.04.00' />
  <meta name='ocr-capabilities' content='ocr_page ocr_carea ocr_par ocr_line ocrx_word'/>
</head>
<body>
  <div class='ocr_page' id='page_1' title='image "./iohanniswyclifo01wyclgoog_0346.png"; bbox 0 0 3098 5130; ppageno 0'>
   <div class='ocr_carea' id='block_1_1' title="bbox 205 428 921 511">
    <p class='ocr_par' dir='ltr' id='par_1_1' title="bbox 205 428 921 511">
     <span class='ocr_line' id='line_1_1' title="bbox 205 428 921 511; baseline 0.013 -28"><span class='ocrx_word' id='word_1_1' title='bbox 205 440 272 484; x_wconf 78' lang='lat' dir='ltr'>cun</span> <span class='ocrx_word' id='word_1_2' title='bbox 291 428 354 511; x_wconf 77' lang='lat' dir='ltr'>vn]</span> <span class='ocrx_word' id='word_1_3' title='bbox 489 447 532 495; x_wconf 76' lang='lat' dir='ltr'>ut:</span> <span class='ocrx_word' id='word_1_4' title='bbox 553 445 789 494; x_wconf 52' lang='lat' dir='ltr'>rtn&#39;t&#39;tettats&#39;tu</span> <span class='ocrx_word' id='word_1_5' title='bbox 811 447 872 494; x_wconf 73' lang='lat' dir='ltr'>tiu.</span> <span class='ocrx_word' id='word_1_6' title='bbox 893 447 921 493; x_wconf 87' lang='lat'>11.</span> 
     </span>
    </p>
   </div>
   <div class='ocr_carea' id='block_1_2' title="bbox 103 601 1191 2337">
    <p class='ocr_par' dir='ltr' id='par_1_2' title="bbox 103 601 1191 2337">
     <span class='ocr_line' id='line_1_2' title="bbox 103 601 1188 681; baseline -0.003 -15"><span class='ocrx_word' id='word_1_7' title='bbox 103 601 172 666; x_wconf 60' lang='lat'>⁴34⁵</span> <span class='ocrx_word' id='word_1_8' title='bbox 205 605 432 680; x_wconf 88' lang='lat' dir='ltr'>scripturarum.</span> <span class='ocrx_word' id='word_1_9' title='bbox 479 609 514 661; x_wconf 83' lang='lat' dir='ltr'>Et</span> <span class='ocrx_word' id='word_1_10' title='bbox 553 607 634 681; x_wconf 90' lang='lat' dir='ltr'>quod</span> <span class='ocrx_word' id='word_1_11' title='bbox 675 606 736 662; x_wconf 86' lang='lat' dir='ltr'>refe</span> <span class='ocrx_word' id='word_1_12' title='bbox 756 605 760 680; x_wconf 88' lang='grc' dir='ltr'>Ι</span> <span class='ocrx_word' id='word_1_13' title='bbox 782 620 848 662; x_wconf 88' lang='lat' dir='ltr'>rant</span> <span class='ocrx_word' id='word_1_14' title='bbox 889 610 950 662; x_wconf 74' lang='lat' dir='ltr'>ileo</span> <span class='ocrx_word' id='word_1_15' title='bbox 972 607 1088 678; x_wconf 77' lang='lat' dir='ltr'>gracias</span> <span class='ocrx_word' id='word_1_16' title='bbox 1112 607 1188 663; x_wconf 88' lang='lat' dir='ltr'>sicut</span> 
     </span>
     <span class='ocr_line' id='line_1_3' title="bbox 205 691 1188 768; baseline 0.001 -19"><span class='ocrx_word' id='word_1_17' title='bbox 205 708 331 768; x_wconf 83' lang='lat' dir='ltr'>prosunt</span> <span class='ocrx_word' id='word_1_18' title='bbox 363 706 554 751; x_wconf 88' lang='lat' dir='ltr'>cessantesa</span> <span class='ocrx_word' id='word_1_19' title='bbox 588 694 675 749; x_wconf 88' lang='lat' dir='ltr'>laude</span> <span class='ocrx_word' id='word_1_20' title='bbox 705 691 863 749; x_wconf 90' lang='lat' dir='ltr'>hominum</span> <span class='ocrx_word' id='word_1_21' title='bbox 904 712 938 749; x_wconf 87' lang='lat' dir='ltr'>ac</span> <span class='ocrx_word' id='word_1_22' title='bbox 972 694 1052 749; x_wconf 88' lang='lat' dir='ltr'>inani</span> <span class='ocrx_word' id='word_1_23' title='bbox 1083 695 1188 766; x_wconf 83' lang='lat' dir='ltr'>gloria.</span> 
     </span>
     <span class='ocr_line' id='line_1_4' title="bbox 205 780 1189 856; baseline 0 -20"><span class='ocrx_word' id='word_1_24' title='bbox 205 800 272 837; x_wconf 92' lang='lat' dir='ltr'>cum</span> <span class='ocrx_word' id='word_1_25' title='bbox 298 782 425 837; x_wconf 90' lang='lat' dir='ltr'>credunt</span> <span class='ocrx_word' id='word_1_26' title='bbox 448 783 525 837; x_wconf 88' lang='lat' dir='ltr'>banc</span> <span class='ocrx_word' id='word_1_27' title='bbox 555 780 644 837; x_wconf 89' lang='lat' dir='ltr'>fidem</span> <span class='ocrx_word' id='word_1_28' title='bbox 668 780 806 854; x_wconf 84' lang='lat' dir='ltr'>Apostoli</span> <span class='ocrx_word' id='word_1_29' title='bbox 835 782 869 837; x_wconf 93' lang='lat' dir='ltr'>ll.</span> <span class='ocrx_word' id='word_1_30' title='bbox 894 783 963 838; x_wconf 86' lang='lat' dir='ltr'>Cor.</span> <span class='ocrx_word' id='word_1_31' title='bbox 989 783 1035 839; x_wconf 87' lang='lat' dir='ltr'>lll.</span> <span class='ocrx_word' id='word_1_32' title='bbox 1068 784 1081 837; x_wconf 89' lang='grc'><strong><em>5</em></strong></span> <span class='ocrx_word' id='word_1_33' title='bbox 1108 784 1189 856; x_wconf 90' lang='lat' dir='ltr'>quod</span> 
     </span>
     <span class='ocr_line' id='line_1_5' title="bbox 205 868 1191 945; baseline 0 -22"><span class='ocrx_word' id='word_1_34' title='bbox 205 887 260 923; x_wconf 89' lang='lat' dir='ltr'>nou</span> <span class='ocrx_word' id='word_1_35' title='bbox 291 886 392 924; x_wconf 84' lang='lat' dir='ltr'>sunrus</span> <span class='ocrx_word' id='word_1_36' title='bbox 423 868 600 945; x_wconf 83' lang='lat' dir='ltr'>sufficientes</span> <span class='ocrx_word' id='word_1_37' title='bbox 630 885 669 923; x_wconf 80' lang='lat' dir='ltr'>ex</span> <span class='ocrx_word' id='word_1_38' title='bbox 685 868 765 924; x_wconf 88' lang='lat' dir='ltr'>nobis</span> <span class='ocrx_word' id='word_1_39' title='bbox 788 868 872 941; x_wconf 83' lang='lat' dir='ltr'><strong><em>quasi</em></strong></span> <span class='ocrx_word' id='word_1_40' title='bbox 906 885 945 924; x_wconf 77' lang='lat' dir='ltr'>ex</span> <span class='ocrx_word' id='word_1_41' title='bbox 978 869 1057 925; x_wconf 85' lang='lat' dir='ltr'>nobis</span> <span class='ocrx_word' id='word_1_42' title='bbox 1080 868 1191 945; x_wconf 76' lang='lat' dir='ltr'>aliquid</span> 
     </span>
     <span class='ocr_line' id='line_1_6' title="bbox 181 955 1189 1033; baseline 0.006 -28"><span class='ocrx_word' id='word_1_43' title='bbox 181 955 337 1033; x_wconf 70' lang='lat' dir='ltr'>§cogitare</span> <span class='ocrx_word' id='word_1_44' title='bbox 359 955 411 1011; x_wconf 85' lang='lat' dir='ltr'>sed</span> <span class='ocrx_word' id='word_1_45' title='bbox 438 955 531 1011; x_wconf 89' lang='lat' dir='ltr'>amuis</span> <span class='ocrx_word' id='word_1_46' title='bbox 558 955 736 1031; x_wconf 83' lang='lat' dir='ltr'>sufficieucia</span> <span class='ocrx_word' id='word_1_47' title='bbox 761 965 862 1010; x_wconf 86' lang='lat' dir='ltr'>nostra</span> <span class='ocrx_word' id='word_1_48' title='bbox 891 972 930 1010; x_wconf 85' lang='lat' dir='ltr'>ex</span> <span class='ocrx_word' id='word_1_49' title='bbox 955 955 1018 1010; x_wconf 91' lang='lat' dir='ltr'>Deo</span> <span class='ocrx_word' id='word_1_50' title='bbox 1046 966 1097 1011; x_wconf 86' lang='lat' dir='ltr'>est.</span> <span class='ocrx_word' id='word_1_51' title='bbox 1131 957 1189 1012; x_wconf 87' lang='lat' dir='ltr'>Sed</span> 
     </span>
     <span class='ocr_line' id='line_1_7' title="bbox 205 1041 1189 1117; baseline -0.001 -20"><span class='ocrx_word' id='word_1_52' title='bbox 205 1041 229 1098; x_wconf 89' lang='lat' dir='ltr'>si</span> <span class='ocrx_word' id='word_1_53' title='bbox 253 1042 367 1116; x_wconf 89' lang='lat' dir='ltr'>aliquid</span> <span class='ocrx_word' id='word_1_54' title='bbox 384 1044 474 1098; x_wconf 89' lang='lat' dir='ltr'>verba</span> <span class='ocrx_word' id='word_1_55' title='bbox 491 1041 676 1099; x_wconf 84' lang='lat' dir='ltr'>exhortantis</span> <span class='ocrx_word' id='word_1_56' title='bbox 699 1041 843 1113; x_wconf 78' lang='lat' dir='ltr'>efficiunt,</span> <span class='ocrx_word' id='word_1_57' title='bbox 868 1042 925 1097; x_wconf 87' lang='lat' dir='ltr'>hoc</span> <span class='ocrx_word' id='word_1_58' title='bbox 948 1058 990 1098; x_wconf 90' lang='lat' dir='ltr'>est</span> <span class='ocrx_word' id='word_1_59' title='bbox 1015 1061 1047 1098; x_wconf 85' lang='lat' dir='ltr'>ex</span> <span class='ocrx_word' id='word_1_60' title='bbox 1065 1042 1189 1117; x_wconf 90' lang='lat' dir='ltr'>proprio</span> 
     </span>
     <span class='ocr_line' id='line_1_8' title="bbox 205 1128 1189 1204; baseline -0.001 -18"><span class='ocrx_word' id='word_1_61' title='bbox 205 1142 273 1186; x_wconf 91' lang='lat' dir='ltr'>actu</span> <span class='ocrx_word' id='word_1_62' title='bbox 298 1129 352 1185; x_wconf 90' lang='lat' dir='ltr'>Dei</span> <span class='ocrx_word' id='word_1_63' title='bbox 387 1129 438 1204; x_wconf 91' lang='lat' dir='ltr'>qui</span> <span class='ocrx_word' id='word_1_64' title='bbox 477 1128 570 1186; x_wconf 92' lang='lat' dir='ltr'>utitur</span> <span class='ocrx_word' id='word_1_65' title='bbox 601 1129 737 1203; x_wconf 84' lang='lat' dir='ltr'>graciose</span> <span class='ocrx_word' id='word_1_66' title='bbox 760 1148 814 1185; x_wconf 92' lang='lat' dir='ltr'>suo</span> <span class='ocrx_word' id='word_1_67' title='bbox 847 1147 962 1202; x_wconf 91' lang='lat' dir='ltr'>organo</span> <span class='ocrx_word' id='word_1_68' title='bbox 997 1142 1025 1185; x_wconf 86' lang='lat' dir='ltr'>et</span> <span class='ocrx_word' id='word_1_69' title='bbox 1058 1131 1110 1185; x_wconf 92' lang='lat' dir='ltr'>dat</span> <span class='ocrx_word' id='word_1_70' title='bbox 1133 1129 1189 1186; x_wconf 88' lang='lat' dir='ltr'>sibi</span> 
     </span>
     <span class='ocr_line' id='line_1_9' title="bbox 206 1215 828 1291; baseline -0.002 -18"><span class='ocrx_word' id='word_1_71' title='bbox 206 1216 346 1273; x_wconf 92' lang='lat' dir='ltr'>meritum</span> <span class='ocrx_word' id='word_1_72' title='bbox 373 1236 427 1290; x_wconf 92' lang='lat' dir='ltr'>pro</span> <span class='ocrx_word' id='word_1_73' title='bbox 452 1230 520 1273; x_wconf 89' lang='lat' dir='ltr'>actu</span> <span class='ocrx_word' id='word_1_74' title='bbox 545 1215 669 1291; x_wconf 93' lang='lat' dir='ltr'>proprio</span> <span class='ocrx_word' id='word_1_75' title='bbox 694 1215 748 1272; x_wconf 91' lang='lat' dir='ltr'>Dei</span> <span class='ocrx_word' id='word_1_76' title='bbox 772 1215 828 1272; x_wconf 91' lang='lat' dir='ltr'>sui.</span> 
     </span>
     <span class='ocr_line' id='line_1_10' title="bbox 248 1302 1190 1379; baseline 0 -20"><span class='ocrx_word' id='word_1_77' title='bbox 248 1305 335 1361; x_wconf 88' lang='lat' dir='ltr'>Unde</span> <span class='ocrx_word' id='word_1_78' title='bbox 359 1304 537 1379; x_wconf 87' lang='lat' dir='ltr'>blasphema</span> <span class='ocrx_word' id='word_1_79' title='bbox 560 1303 679 1360; x_wconf 84' lang='lat' dir='ltr'>videtur</span> <span class='ocrx_word' id='word_1_80' title='bbox 700 1303 853 1377; x_wconf 83' lang='lat' dir='ltr'>suggestio</span> <span class='ocrx_word' id='word_1_81' title='bbox 877 1302 989 1359; x_wconf 92' lang='lat' dir='ltr'>diaboli</span> <span class='ocrx_word' id='word_1_82' title='bbox 1019 1302 1190 1377; x_wconf 81' lang='lat' dir='ltr'>instigantis</span> 
     </span>
     <span class='ocr_line' id='line_1_11' title="bbox 165 1389 1189 1465; baseline -0.001 -18"><span class='ocrx_word' id='word_1_83' title='bbox 165 1393 284 1464; x_wconf 80' lang='lat' dir='ltr'>10qu0d</span> <span class='ocrx_word' id='word_1_84' title='bbox 309 1390 541 1465; x_wconf 89' lang='lat' dir='ltr'>appropriemus</span> <span class='ocrx_word' id='word_1_85' title='bbox 564 1390 652 1447; x_wconf 85' lang='lat' dir='ltr'>nobis</span> <span class='ocrx_word' id='word_1_86' title='bbox 675 1393 804 1465; x_wconf 85' lang='lat' dir='ltr'>superbe</span> <span class='ocrx_word' id='word_1_87' title='bbox 827 1408 919 1464; x_wconf 88' lang='lat' dir='ltr'>opera</span> <span class='ocrx_word' id='word_1_88' title='bbox 945 1389 999 1445; x_wconf 90' lang='lat' dir='ltr'>Dei</span> <span class='ocrx_word' id='word_1_89' title='bbox 1022 1389 1128 1446; x_wconf 87' lang='lat' dir='ltr'>nostri.</span> <span class='ocrx_word' id='word_1_90' title='bbox 1153 1393 1189 1446; x_wconf 84' lang='lat' dir='ltr'>Et</span> 
     </span>
     <span class='ocr_line' id='line_1_12' title="bbox 204 1477 1189 1551; baseline 0.001 -18"><span class='ocrx_word' id='word_1_91' title='bbox 204 1478 276 1534; x_wconf 90' lang='lat' dir='ltr'>tales</span> <span class='ocrx_word' id='word_1_92' title='bbox 310 1477 463 1534; x_wconf 88' lang='lat' dir='ltr'>evidencie</span> <span class='ocrx_word' id='word_1_93' title='bbox 487 1481 550 1534; x_wconf 91' lang='lat' dir='ltr'>Deo</span> <span class='ocrx_word' id='word_1_94' title='bbox 582 1478 702 1534; x_wconf 82' lang='lat' dir='ltr'>iurante</span> <span class='ocrx_word' id='word_1_95' title='bbox 728 1491 849 1534; x_wconf 90' lang='lat' dir='ltr'>movent</span> <span class='ocrx_word' id='word_1_96' title='bbox 872 1478 1047 1550; x_wconf 86' lang='lat' dir='ltr'>superstites</span> <span class='ocrx_word' id='word_1_97' title='bbox 1071 1477 1189 1551; x_wconf 89' lang='lat' dir='ltr'>aliquos</span> 
     </span>
     <span class='ocr_line' id='line_1_13' title="bbox 205 1564 1189 1639; baseline 0.001 -19"><span class='ocrx_word' id='word_1_98' title='bbox 205 1566 242 1620; x_wconf 89' lang='lat' dir='ltr'>ad</span> <span class='ocrx_word' id='word_1_99' title='bbox 274 1564 462 1639; x_wconf 80' lang='lat' dir='ltr'>evangelium</span> <span class='ocrx_word' id='word_1_100' title='bbox 505 1564 658 1621; x_wconf 87' lang='lat' dir='ltr'>humiliter</span> <span class='ocrx_word' id='word_1_101' title='bbox 697 1565 810 1639; x_wconf 91' lang='lat' dir='ltr'>populo</span> <span class='ocrx_word' id='word_1_102' title='bbox 852 1566 1069 1634; x_wconf 88' lang='lat' dir='ltr'>nunciandum,</span> <span class='ocrx_word' id='word_1_103' title='bbox 1117 1564 1189 1638; x_wconf 88' lang='lat' dir='ltr'>quia</span> 
     </span>
     <span class='ocr_line' id='line_1_14' title="bbox 205 1650 1186 1727; baseline -0.001 -20"><span class='ocrx_word' id='word_1_104' title='bbox 205 1665 319 1708; x_wconf 91' lang='lat' dir='ltr'>certum</span> <span class='ocrx_word' id='word_1_105' title='bbox 344 1665 389 1709; x_wconf 90' lang='lat' dir='ltr'>est</span> <span class='ocrx_word' id='word_1_106' title='bbox 412 1651 471 1709; x_wconf 92' lang='lat' dir='ltr'>illis</span> <span class='ocrx_word' id='word_1_107' title='bbox 495 1666 562 1727; x_wconf 92' lang='lat' dir='ltr'>post</span> <span class='ocrx_word' id='word_1_108' title='bbox 585 1652 822 1726; x_wconf 90' lang='lat' dir='ltr'>temptacionem</span> <span class='ocrx_word' id='word_1_109' title='bbox 857 1651 954 1708; x_wconf 91' lang='lat' dir='ltr'>inanis</span> <span class='ocrx_word' id='word_1_110' title='bbox 979 1650 1072 1725; x_wconf 90' lang='lat' dir='ltr'>glorie</span> <span class='ocrx_word' id='word_1_111' title='bbox 1106 1653 1186 1725; x_wconf 89' lang='lat' dir='ltr'>quod</span> 
     </span>
     <span class='ocr_line' id='line_1_15' title="bbox 205 1738 1188 1798; baseline 0.001 -4"><span class='ocrx_word' id='word_1_112' title='bbox 205 1740 259 1795; x_wconf 91' lang='lat' dir='ltr'>hec</span> <span class='ocrx_word' id='word_1_113' title='bbox 283 1738 438 1796; x_wconf 90' lang='lat' dir='ltr'>evidencia</span> <span class='ocrx_word' id='word_1_114' title='bbox 455 1739 567 1796; x_wconf 88' lang='lat' dir='ltr'>diaboli</span> <span class='ocrx_word' id='word_1_115' title='bbox 586 1739 679 1795; x_wconf 89' lang='lat' dir='ltr'>nichil</span> <span class='ocrx_word' id='word_1_116' title='bbox 696 1740 784 1798; x_wconf 85' lang='lat' dir='ltr'>valet.</span> <span class='ocrx_word' id='word_1_117' title='bbox 809 1742 845 1794; x_wconf 89' lang='lat' dir='ltr'>Et</span> <span class='ocrx_word' id='word_1_118' title='bbox 862 1739 918 1795; x_wconf 90' lang='lat' dir='ltr'>ista</span> <span class='ocrx_word' id='word_1_119' title='bbox 942 1738 1096 1795; x_wconf 89' lang='lat' dir='ltr'>sentencia</span> <span class='ocrx_word' id='word_1_120' title='bbox 1114 1741 1188 1795; x_wconf 91' lang='lat' dir='ltr'>bene</span> 
     </span>
     <span class='ocr_line' id='line_1_16' title="bbox 167 1825 1188 1901; baseline 0.002 -21"><span class='ocrx_word' id='word_1_121' title='bbox 167 1825 321 1899; x_wconf 75' lang='lat' dir='ltr'>ridigesta</span> <span class='ocrx_word' id='word_1_122' title='bbox 345 1839 373 1884; x_wconf 95' lang='lat' dir='ltr'>et</span> <span class='ocrx_word' id='word_1_123' title='bbox 397 1826 532 1901; x_wconf 81' lang='lat' dir='ltr'>graciose</span> <span class='ocrx_word' id='word_1_124' title='bbox 557 1826 587 1882; x_wconf 92' lang='lat' dir='ltr'>in</span> <span class='ocrx_word' id='word_1_125' title='bbox 613 1839 713 1882; x_wconf 92' lang='lat' dir='ltr'>mente</span> <span class='ocrx_word' id='word_1_126' title='bbox 738 1840 884 1900; x_wconf 89' lang='lat' dir='ltr'>concepta</span> <span class='ocrx_word' id='word_1_127' title='bbox 918 1841 945 1882; x_wconf 90' lang='lat' dir='ltr'>et</span> <span class='ocrx_word' id='word_1_128' title='bbox 970 1825 1136 1899; x_wconf 87' lang='lat' dir='ltr'>practizata</span> <span class='ocrx_word' id='word_1_129' title='bbox 1158 1826 1188 1882; x_wconf 90' lang='lat' dir='ltr'>in</span> 
     </span>
     <span class='ocr_line' id='line_1_17' title="bbox 205 1912 1188 1989; baseline 0 -20"><span class='ocrx_word' id='word_1_130' title='bbox 205 1931 296 1986; x_wconf 89' lang='lat' dir='ltr'>opere</span> <span class='ocrx_word' id='word_1_131' title='bbox 333 1914 411 1970; x_wconf 87' lang='lat' dir='ltr'>valet</span> <span class='ocrx_word' id='word_1_132' title='bbox 445 1914 573 1970; x_wconf 91' lang='lat' dir='ltr'>multum</span> <span class='ocrx_word' id='word_1_133' title='bbox 607 1914 732 1970; x_wconf 88' lang='lat' dir='ltr'>ecclesie</span> <span class='ocrx_word' id='word_1_134' title='bbox 764 1912 917 1989; x_wconf 78' lang='lat' dir='ltr'>militanti,</span> <span class='ocrx_word' id='word_1_135' title='bbox 952 1913 1024 1987; x_wconf 90' lang='lat' dir='ltr'>quia</span> <span class='ocrx_word' id='word_1_136' title='bbox 1065 1915 1188 1986; x_wconf 90' lang='lat' dir='ltr'>prodest</span> 
     </span>
     <span class='ocr_line' id='line_1_18' title="bbox 206 1999 1189 2074; baseline 0.001 -19"><span class='ocrx_word' id='word_1_137' title='bbox 206 2001 333 2056; x_wconf 90' lang='lat' dir='ltr'>multum</span> <span class='ocrx_word' id='word_1_138' title='bbox 368 1999 644 2074; x_wconf 85' lang='lat' dir='ltr'>evangelizantibus</span> <span class='ocrx_word' id='word_1_139' title='bbox 674 2015 702 2057; x_wconf 90' lang='lat' dir='ltr'>et</span> <span class='ocrx_word' id='word_1_140' title='bbox 735 2000 926 2057; x_wconf 86' lang='lat' dir='ltr'>auditoribus</span> <span class='ocrx_word' id='word_1_141' title='bbox 966 2014 998 2057; x_wconf 93' lang='lat' dir='ltr'>ut</span> <span class='ocrx_word' id='word_1_142' title='bbox 1035 2000 1189 2074; x_wconf 85' lang='lat' dir='ltr'>aperiatur</span> 
     </span>
     <span class='ocr_line' id='line_1_19' title="bbox 206 2086 1187 2145; baseline 0.003 -4"><span class='ocrx_word' id='word_1_143' title='bbox 206 2087 335 2144; x_wconf 91' lang='lat' dir='ltr'>hostium</span> <span class='ocrx_word' id='word_1_144' title='bbox 353 2087 474 2145; x_wconf 90' lang='lat' dir='ltr'>Christo</span> <span class='ocrx_word' id='word_1_145' title='bbox 499 2101 527 2144; x_wconf 94' lang='lat' dir='ltr'>et</span> <span class='ocrx_word' id='word_1_146' title='bbox 544 2087 644 2144; x_wconf 91' lang='lat' dir='ltr'>ocium</span> <span class='ocrx_word' id='word_1_147' title='bbox 663 2086 776 2144; x_wconf 89' lang='lat' dir='ltr'>diaboli</span> <span class='ocrx_word' id='word_1_148' title='bbox 793 2089 978 2144; x_wconf 85' lang='lat' dir='ltr'>excludatur.</span> <span class='ocrx_word' id='word_1_149' title='bbox 1002 2088 1069 2143; x_wconf 84' lang='lat' dir='ltr'>Alia</span> <span class='ocrx_word' id='word_1_150' title='bbox 1087 2102 1187 2144; x_wconf 84' lang='lat' dir='ltr'>autern</span> 
     </span>
     <span class='ocr_line' id='line_1_20' title="bbox 204 2174 1188 2249; baseline 0.001 -19"><span class='ocrx_word' id='word_1_151' title='bbox 204 2176 294 2231; x_wconf 86' lang='lat' dir='ltr'>verba</span> <span class='ocrx_word' id='word_1_152' title='bbox 326 2174 457 2232; x_wconf 89' lang='lat' dir='ltr'>inculcat</span> <span class='ocrx_word' id='word_1_153' title='bbox 480 2175 665 2249; x_wconf 82' lang='lat' dir='ltr'>Augustinus</span> <span class='ocrx_word' id='word_1_154' title='bbox 698 2194 757 2249; x_wconf 87' lang='lat' dir='ltr'>que</span> <span class='ocrx_word' id='word_1_155' title='bbox 789 2188 858 2231; x_wconf 91' lang='lat' dir='ltr'>sunt</span> <span class='ocrx_word' id='word_1_156' title='bbox 892 2175 980 2249; x_wconf 87' lang='lat' dir='ltr'>plena</span> <span class='ocrx_word' id='word_1_157' title='bbox 1021 2175 1188 2231; x_wconf 82' lang='lat' dir='ltr'>medullosa</span> 
     </span>
     <span class='ocr_line' id='line_1_21' title="bbox 163 2261 1188 2337; baseline -0.002 -17"><span class='ocrx_word' id='word_1_158' title='bbox 163 2261 375 2337; x_wconf 51' lang='lat' dir='ltr'>rosentencia„</span> <span class='ocrx_word' id='word_1_159' title='bbox 390 2276 419 2319; x_wconf 93' lang='lat' dir='ltr'>et</span> <span class='ocrx_word' id='word_1_160' title='bbox 442 2262 466 2318; x_wconf 94' lang='lat' dir='ltr'>si</span> <span class='ocrx_word' id='word_1_161' title='bbox 492 2266 554 2319; x_wconf 88' lang='lat' dir='ltr'>l)eo</span> <span class='ocrx_word' id='word_1_162' title='bbox 579 2262 735 2336; x_wconf 88' lang='lat' dir='ltr'>placuerit,</span> <span class='ocrx_word' id='word_1_163' title='bbox 760 2261 816 2318; x_wconf 90' lang='lat' dir='ltr'>ista</span> <span class='ocrx_word' id='word_1_164' title='bbox 841 2263 939 2317; x_wconf 91' lang='lat' dir='ltr'>media</span> <span class='ocrx_word' id='word_1_165' title='bbox 967 2276 1036 2316; x_wconf 88' lang='lat' dir='ltr'>sunt</span> <span class='ocrx_word' id='word_1_166' title='bbox 1065 2263 1102 2317; x_wconf 89' lang='lat' dir='ltr'>ad</span> <span class='ocrx_word' id='word_1_167' title='bbox 1128 2261 1188 2318; x_wconf 92' lang='lat' dir='ltr'>illa.</span> 
     </span>
    </p>
   </div>
   <div class='ocr_carea' id='block_1_3' title="bbox 591 2520 801 2583">
    <p class='ocr_par' dir='ltr' id='par_1_3' title="bbox 591 2520 801 2583">
     <span class='ocr_line' id='line_1_22' title="bbox 591 2520 801 2583; baseline -0.014 0"><span class='ocrx_word' id='word_1_168' title='bbox 591 2521 695 2583; x_wconf 83' lang='lat' dir='ltr'><strong>CAP.</strong></span> <span class='ocrx_word' id='word_1_169' title='bbox 720 2520 801 2581; x_wconf 91' lang='lat' dir='ltr'>Vll.</span> 
     </span>
    </p>
   </div>
   <div class='ocr_carea' id='block_1_4' title="bbox 160 2662 1397 3958">
    <p class='ocr_par' dir='ltr' id='par_1_4' title="bbox 160 2662 1397 3958">
     <span class='ocr_line' id='line_1_23' title="bbox 249 2662 1187 2740; baseline -0.003 -20"><span class='ocrx_word' id='word_1_170' title='bbox 249 2662 393 2738; x_wconf 89' lang='lat' dir='ltr'>Sequitur</span> <span class='ocrx_word' id='word_1_171' title='bbox 417 2663 447 2719; x_wconf 94' lang='lat' dir='ltr'>in</span> <span class='ocrx_word' id='word_1_172' title='bbox 471 2678 570 2719; x_wconf 89' lang='lat' dir='ltr'>textu:</span> <span class='ocrx_word' id='word_1_173' title='bbox 596 2664 752 2740; x_wconf 81' lang='lat' dir='ltr'>Postquam</span> <span class='ocrx_word' id='word_1_174' title='bbox 770 2680 844 2740; x_wconf 79' lang='lat' dir='ltr'>ergo</span> <span class='ocrx_word' id='word_1_175' title='bbox 868 2663 940 2717; x_wconf 77' lang='lat' dir='ltr'>lavit</span> <span class='ocrx_word' id='word_1_176' title='bbox 960 2663 1051 2737; x_wconf 77' lang='lat' dir='ltr'>pedes</span> <span class='ocrx_word' id='word_1_177' title='bbox 1075 2680 1187 2731; x_wconf 88' lang='lat' dir='ltr'>eorum,</span> 
     </span>
     <span class='ocr_line' id='line_1_24' title="bbox 204 2749 1188 2827; baseline -0.004 -21"><span class='ocrx_word' id='word_1_178' title='bbox 204 2752 315 2827; x_wconf 85' lang='lat' dir='ltr'>accepit</span> <span class='ocrx_word' id='word_1_179' title='bbox 339 2751 507 2807; x_wconf 77' lang='lat' dir='ltr'>uestimenta</span> <span class='ocrx_word' id='word_1_180' title='bbox 531 2769 594 2815; x_wconf 89' lang='lat' dir='ltr'>sua,</span> <span class='ocrx_word' id='word_1_181' title='bbox 623 2761 650 2806; x_wconf 89' lang='lat' dir='ltr'>et</span> <span class='ocrx_word' id='word_1_182' title='bbox 673 2769 737 2806; x_wconf 90' lang='lat' dir='ltr'>cum</span> <span class='ocrx_word' id='word_1_183' title='bbox 763 2749 950 2818; x_wconf 85' lang='lat' dir='ltr'>recubuisset,</span> <span class='ocrx_word' id='word_1_184' title='bbox 983 2749 1087 2804; x_wconf 85' lang='lat' dir='ltr'>iterum</span> <span class='ocrx_word' id='word_1_185' title='bbox 1113 2749 1188 2804; x_wconf 77' lang='lat' dir='ltr'>dim&#39;t</span> 
     </span>
     <span class='ocr_line' id='line_1_25' title="bbox 204 2836 1188 2912; baseline -0.002 -19"><span class='ocrx_word' id='word_1_186' title='bbox 204 2839 259 2893; x_wconf 85' lang='lat' dir='ltr'>eis:</span> <span class='ocrx_word' id='word_1_187' title='bbox 290 2838 375 2893; x_wconf 88' lang='lat' dir='ltr'>Scitis</span> <span class='ocrx_word' id='word_1_188' title='bbox 399 2838 468 2912; x_wconf 81' lang='lat' dir='ltr'>quid</span> <span class='ocrx_word' id='word_1_189' title='bbox 484 2837 613 2912; x_wconf 84' lang='lat' dir='ltr'>fecerim</span> <span class='ocrx_word' id='word_1_190' title='bbox 640 2838 728 2893; x_wconf 83' lang='lat' dir='ltr'>nobis.</span> <span class='ocrx_word' id='word_1_191' title='bbox 760 2837 814 2892; x_wconf 87' lang='lat' dir='ltr'>Vos</span> <span class='ocrx_word' id='word_1_192' title='bbox 839 2837 947 2892; x_wconf 76' lang='lat' dir='ltr'>uocatis</span> <span class='ocrx_word' id='word_1_193' title='bbox 971 2854 1017 2891; x_wconf 88' lang='lat' dir='ltr'>me</span> <span class='ocrx_word' id='word_1_194' title='bbox 1044 2836 1188 2912; x_wconf 79' lang='lat' dir='ltr'>magister·</span> 
     </span>
     <span class='ocr_line' id='line_1_26' title="bbox 162 2923 1189 3000; baseline -0.007 -15"><span class='ocrx_word' id='word_1_195' title='bbox 162 2936 231 2985; x_wconf 78' lang='lat' dir='ltr'>25et</span> <span class='ocrx_word' id='word_1_196' title='bbox 257 2925 387 2993; x_wconf 54' lang='lat' dir='ltr'>domium</span> <span class='ocrx_word' id='word_1_197' title='bbox 409 2937 436 2980; x_wconf 84' lang='lat' dir='ltr'>et</span> <span class='ocrx_word' id='word_1_198' title='bbox 465 2926 534 2981; x_wconf 85' lang='lat' dir='ltr'>bene</span> <span class='ocrx_word' id='word_1_199' title='bbox 555 2924 665 2980; x_wconf 84' lang='lat' dir='ltr'>dicitis:</span> <span class='ocrx_word' id='word_1_200' title='bbox 688 2944 751 2979; x_wconf 89' lang='lat' dir='ltr'>sunt</span> <span class='ocrx_word' id='word_1_201' title='bbox 769 2925 882 2980; x_wconf 80' lang='lat' dir='ltr'>etenim.</span> <span class='ocrx_word' id='word_1_202' title='bbox 907 2923 940 2978; x_wconf 87' lang='lat' dir='ltr'>Si</span> <span class='ocrx_word' id='word_1_203' title='bbox 959 2941 1034 3000; x_wconf 83' lang='lat' dir='ltr'>ergo</span> <span class='ocrx_word' id='word_1_204' title='bbox 1055 2942 1111 3000; x_wconf 80' lang='lat' dir='ltr'>ego</span> <span class='ocrx_word' id='word_1_205' title='bbox 1128 2923 1189 2978; x_wconf 87' lang='lat' dir='ltr'>lavi</span> 
     </span>
     <span class='ocr_line' id='line_1_27' title="bbox 200 3010 1188 3088; baseline -0.004 -20"><span class='ocrx_word' id='word_1_206' title='bbox 200 3012 290 3087; x_wconf 85' lang='lat' dir='ltr'>pedes</span> <span class='ocrx_word' id='word_1_207' title='bbox 315 3024 427 3068; x_wconf 83' lang='lat' dir='ltr'>vestros</span> <span class='ocrx_word' id='word_1_208' title='bbox 451 3013 585 3068; x_wconf 80' lang='lat' dir='ltr'>donnaus</span> <span class='ocrx_word' id='word_1_209' title='bbox 609 3023 636 3067; x_wconf 89' lang='lat' dir='ltr'>et</span> <span class='ocrx_word' id='word_1_210' title='bbox 660 3012 813 3088; x_wconf 78' lang='lat' dir='ltr'>magister,</span> <span class='ocrx_word' id='word_1_211' title='bbox 846 3021 873 3066; x_wconf 89' lang='lat' dir='ltr'>et</span> <span class='ocrx_word' id='word_1_212' title='bbox 898 3030 947 3067; x_wconf 81' lang='lat' dir='ltr'>uos</span> <span class='ocrx_word' id='word_1_213' title='bbox 976 3010 1083 3066; x_wconf 84' lang='lat' dir='ltr'>debetis</span> <span class='ocrx_word' id='word_1_214' title='bbox 1111 3011 1188 3065; x_wconf 88' lang='lat' dir='ltr'>alter</span> 
     </span>
     <span class='ocr_line' id='line_1_28' title="bbox 203 3097 1188 3175; baseline -0.001 -22"><span class='ocrx_word' id='word_1_215' title='bbox 203 3098 326 3155; x_wconf 86' lang='lat' dir='ltr'>alterius</span> <span class='ocrx_word' id='word_1_216' title='bbox 358 3099 461 3154; x_wconf 78' lang='lat' dir='ltr'>lavare</span> <span class='ocrx_word' id='word_1_217' title='bbox 485 3101 585 3175; x_wconf 79' lang='lat' dir='ltr'>pedes,</span> <span class='ocrx_word' id='word_1_218' title='bbox 618 3099 797 3174; x_wconf 79' lang='lat' dir='ltr'>Exemplum</span> <span class='ocrx_word' id='word_1_219' title='bbox 831 3098 904 3153; x_wconf 82' lang='lat' dir='ltr'>eninr</span> <span class='ocrx_word' id='word_1_220' title='bbox 934 3097 1002 3153; x_wconf 81' lang='lat' dir='ltr'>dedi</span> <span class='ocrx_word' id='word_1_221' title='bbox 1030 3098 1118 3167; x_wconf 79' lang='lat' dir='ltr'>nobis,</span> <span class='ocrx_word' id='word_1_222' title='bbox 1157 3110 1188 3153; x_wconf 89' lang='lat' dir='ltr'>ut</span> 
     </span>
     <span class='ocr_line' id='line_1_29' title="bbox 202 3184 1063 3263; baseline -0.001 -23"><span class='ocrx_word' id='word_1_223' title='bbox 202 3187 448 3261; x_wconf 80' lang='lat' dir='ltr'>quemadmodum</span> <span class='ocrx_word' id='word_1_224' title='bbox 473 3205 528 3263; x_wconf 79' lang='lat' dir='ltr'>ego</span> <span class='ocrx_word' id='word_1_225' title='bbox 545 3187 612 3262; x_wconf 76' lang='lat' dir='ltr'>jeci</span> <span class='ocrx_word' id='word_1_226' title='bbox 634 3186 723 3255; x_wconf 80' lang='lat' dir='ltr'>uobis,</span> <span class='ocrx_word' id='word_1_227' title='bbox 747 3185 787 3240; x_wconf 87' lang='lat' dir='ltr'>ita</span> <span class='ocrx_word' id='word_1_228' title='bbox 811 3196 837 3240; x_wconf 87' lang='lat' dir='ltr'>et</span> <span class='ocrx_word' id='word_1_229' title='bbox 863 3203 913 3240; x_wconf 82' lang='lat' dir='ltr'>nos</span> <span class='ocrx_word' id='word_1_230' title='bbox 930 3184 1063 3257; x_wconf 87' lang='lat' dir='ltr'>faciatis.</span> 
     </span>
     <span class='ocr_line' id='line_1_30' title="bbox 247 3272 1370 3347; baseline -0.006 -18"><span class='ocrx_word' id='word_1_231' title='bbox 247 3274 344 3347; x_wconf 89' lang='lat' dir='ltr'>Super</span> <span class='ocrx_word' id='word_1_232' title='bbox 367 3292 428 3347; x_wconf 91' lang='lat' dir='ltr'>quo</span> <span class='ocrx_word' id='word_1_233' title='bbox 445 3272 646 3346; x_wconf 79' lang='lat' dir='ltr'>Augustinus:</span> <span class='ocrx_word' id='word_1_234' title='bbox 672 3273 756 3328; x_wconf 86' lang='lat' dir='ltr'>Nunc</span> <span class='ocrx_word' id='word_1_235' title='bbox 780 3282 822 3328; x_wconf 86' lang='lat' dir='ltr'>est</span> <span class='ocrx_word' id='word_1_236' title='bbox 846 3284 876 3327; x_wconf 85' lang='lat' dir='ltr'>ut</span> <span class='ocrx_word' id='word_1_237' title='bbox 900 3273 983 3327; x_wconf 85' lang='lat' dir='ltr'>beato</span> <span class='ocrx_word' id='word_1_238' title='bbox 1007 3272 1094 3327; x_wconf 82' lang='lat' dir='ltr'>Petra</span> <span class='ocrx_word' id='word_1_239' title='bbox 1120 3273 1185 3326; x_wconf 79' lang='lat' dir='ltr'>red-</span> <span class='ocrx_word' id='word_1_240' title='bbox 1211 3283 1370 3343; x_wconf 62' lang='lat' dir='ltr'>¹linguaue:</span> 
     </span>
     <span class='ocr_line' id='line_1_31' title="bbox 162 3333 1397 3436; baseline -0.005 -19"><span class='ocrx_word' id='word_1_241' title='bbox 162 3360 294 3422; x_wconf 58' lang='lat' dir='ltr'>Laudatur</span> <span class='ocrx_word' id='word_1_242' title='bbox 316 3359 367 3415; x_wconf 83' lang='lat' dir='ltr'>itta</span> <span class='ocrx_word' id='word_1_243' title='bbox 388 3360 555 3436; x_wconf 83' lang='lat' dir='ltr'>promissio.</span> <span class='ocrx_word' id='word_1_244' title='bbox 582 3360 701 3415; x_wconf 86' lang='lat' dir='ltr'>Dilatus</span> <span class='ocrx_word' id='word_1_245' title='bbox 723 3359 797 3415; x_wconf 86' lang='lat' dir='ltr'>eninr</span> <span class='ocrx_word' id='word_1_246' title='bbox 815 3359 933 3434; x_wconf 87' lang='lat' dir='ltr'>suerat,</span> <span class='ocrx_word' id='word_1_247' title='bbox 957 3360 1071 3433; x_wconf 79' lang='lat' dir='ltr'>quaudo</span> <span class='ocrx_word' id='word_1_248' title='bbox 1095 3333 1277 3433; x_wconf 54' lang='lat' dir='ltr'>e.r·pa-ii¹i{„.‘¹⁵¹</span> <span class='ocrx_word' id='word_1_249' title='bbox 1293 3334 1397 3376; x_wconf 44' lang='grc' dir='ltr'>ΝΜ</span> 
     </span>
     <span class='ocr_line' id='line_1_32' title="bbox 205 3445 1249 3521; baseline -0.003 -19"><span class='ocrx_word' id='word_1_250' title='bbox 205 3447 329 3503; x_wconf 77' lang='lat' dir='ltr'>uescenti</span> <span class='ocrx_word' id='word_1_251' title='bbox 351 3458 378 3504; x_wconf 87' lang='lat' dir='ltr'>et</span> <span class='ocrx_word' id='word_1_252' title='bbox 402 3448 522 3503; x_wconf 83' lang='lat' dir='ltr'>dicenti:</span> <span class='ocrx_word' id='word_1_253' title='bbox 547 3448 612 3502; x_wconf 86' lang='lat' dir='ltr'>Nou</span> <span class='ocrx_word' id='word_1_254' title='bbox 637 3447 748 3502; x_wconf 78' lang='lat' dir='ltr'>lavabis</span> <span class='ocrx_word' id='word_1_255' title='bbox 772 3446 863 3502; x_wconf 81' lang='lat' dir='ltr'>michi</span> <span class='ocrx_word' id='word_1_256' title='bbox 880 3447 969 3521; x_wconf 79' lang='lat' dir='ltr'>pedes</span> <span class='ocrx_word' id='word_1_257' title='bbox 993 3445 1020 3499; x_wconf 92' lang='lat' dir='ltr'>in</span> <span class='ocrx_word' id='word_1_258' title='bbox 1045 3456 1187 3514; x_wconf 84' lang='lat' dir='ltr'>eternum,</span> <span class='ocrx_word' id='word_1_259' title='bbox 1206 3451 1249 3490; x_wconf 61' lang='grc' dir='ltr'>ι’Μ’</span> 
     </span>
     <span class='ocr_line' id='line_1_33' title="bbox 203 3533 1187 3612; baseline -0.001 -24"><span class='ocrx_word' id='word_1_260' title='bbox 203 3552 373 3610; x_wconf 86' lang='lat' dir='ltr'>responsum</span> <span class='ocrx_word' id='word_1_261' title='bbox 397 3545 439 3590; x_wconf 87' lang='lat' dir='ltr'>est</span> <span class='ocrx_word' id='word_1_262' title='bbox 463 3535 505 3590; x_wconf 88' lang='lat' dir='ltr'>ei:</span> <span class='ocrx_word' id='word_1_263' title='bbox 531 3535 617 3601; x_wconf 82' lang='lat' dir='ltr'>Quod</span> <span class='ocrx_word' id='word_1_264' title='bbox 634 3553 690 3612; x_wconf 78' lang='lat' dir='ltr'>ego</span> <span class='ocrx_word' id='word_1_265' title='bbox 706 3534 802 3610; x_wconf 85' lang='lat' dir='ltr'>sacia,</span> <span class='ocrx_word' id='word_1_266' title='bbox 826 3544 856 3588; x_wconf 88' lang='lat' dir='ltr'>tu</span> <span class='ocrx_word' id='word_1_267' title='bbox 880 3533 972 3588; x_wconf 85' lang='lat' dir='ltr'>nescis</span> <span class='ocrx_word' id='word_1_268' title='bbox 996 3533 1092 3602; x_wconf 74' lang='lat' dir='ltr'>niodo,</span> <span class='ocrx_word' id='word_1_269' title='bbox 1115 3533 1187 3588; x_wconf 87' lang='lat' dir='ltr'>scies</span> 
     </span>
     <span class='ocr_line' id='line_1_34' title="bbox 202 3619 1187 3698; baseline -0.003 -22"><span class='ocrx_word' id='word_1_270' title='bbox 202 3631 297 3677; x_wconf 85' lang='lat' dir='ltr'>autem</span> <span class='ocrx_word' id='word_1_271' title='bbox 317 3631 429 3698; x_wconf 86' lang='lat' dir='ltr'>postea.</span> <span class='ocrx_word' id='word_1_272' title='bbox 463 3622 539 3678; x_wconf 87' lang='lat' dir='ltr'>Ecce</span> <span class='ocrx_word' id='word_1_273' title='bbox 562 3633 588 3677; x_wconf 87' lang='lat' dir='ltr'>et</span> <span class='ocrx_word' id='word_1_274' title='bbox 613 3621 705 3696; x_wconf 86' lang='lat' dir='ltr'>ipsum</span> <span class='ocrx_word' id='word_1_275' title='bbox 725 3632 826 3696; x_wconf 86' lang='lat' dir='ltr'>postea</span> <span class='ocrx_word' id='word_1_276' title='bbox 851 3619 909 3674; x_wconf 88' lang='lat' dir='ltr'>iam</span> <span class='ocrx_word' id='word_1_277' title='bbox 934 3631 1046 3695; x_wconf 87' lang='lat' dir='ltr'>tempus</span> <span class='ocrx_word' id='word_1_278' title='bbox 1070 3630 1121 3687; x_wconf 85' lang='lat' dir='ltr'>est,</span> <span class='ocrx_word' id='word_1_279' title='bbox 1157 3630 1187 3673; x_wconf 86' lang='lat' dir='ltr'>ut</span> 
     </span>
     <span class='ocr_line' id='line_1_35' title="bbox 203 3706 1187 3784; baseline -0.004 -21"><span class='ocrx_word' id='word_1_280' title='bbox 203 3708 318 3764; x_wconf 82' lang='lat' dir='ltr'>dicatur</span> <span class='ocrx_word' id='word_1_281' title='bbox 341 3709 418 3783; x_wconf 83' lang='lat' dir='ltr'>quod</span> <span class='ocrx_word' id='word_1_282' title='bbox 442 3710 532 3784; x_wconf 89' lang='lat' dir='ltr'>paulo</span> <span class='ocrx_word' id='word_1_283' title='bbox 555 3719 622 3763; x_wconf 82' lang='lat' dir='ltr'>ante</span> <span class='ocrx_word' id='word_1_284' title='bbox 646 3709 768 3763; x_wconf 84' lang='lat' dir='ltr'>dilatum</span> <span class='ocrx_word' id='word_1_285' title='bbox 793 3718 843 3763; x_wconf 86' lang='lat' dir='ltr'>est.</span> <span class='ocrx_word' id='word_1_286' title='bbox 868 3707 986 3762; x_wconf 74' lang='lat' dir='ltr'>,llernor</span> <span class='ocrx_word' id='word_1_287' title='bbox 1008 3706 1103 3779; x_wconf 85' lang='lat' dir='ltr'>itaque</span> <span class='ocrx_word' id='word_1_288' title='bbox 1126 3706 1187 3760; x_wconf 91' lang='lat' dir='ltr'>Do·</span> 
     </span>
     <span class='ocr_line' id='line_1_36' title="bbox 160 3793 1186 3871; baseline -0.009 -14"><span class='ocrx_word' id='word_1_289' title='bbox 160 3796 296 3856; x_wconf 62' lang='lat' dir='ltr'>‘siminus</span> <span class='ocrx_word' id='word_1_290' title='bbox 315 3796 487 3871; x_wconf 88' lang='lat' dir='ltr'>promisisse</span> <span class='ocrx_word' id='word_1_291' title='bbox 511 3813 542 3851; x_wconf 90' lang='lat' dir='ltr'>se</span> <span class='ocrx_word' id='word_1_292' title='bbox 562 3796 618 3850; x_wconf 86' lang='lat' dir='ltr'>iam</span> <span class='ocrx_word' id='word_1_293' title='bbox 645 3795 753 3849; x_wconf 79' lang='lat' dir='ltr'>dudum</span> <span class='ocrx_word' id='word_1_294' title='bbox 778 3794 930 3850; x_wconf 82' lang='lat' dir='ltr'>scienciam</span> <span class='ocrx_word' id='word_1_295' title='bbox 947 3793 1028 3869; x_wconf 83' lang='lat' dir='ltr'>sacti</span> <span class='ocrx_word' id='word_1_296' title='bbox 1059 3793 1105 3848; x_wconf 87' lang='lat' dir='ltr'>sui</span> <span class='ocrx_word' id='word_1_297' title='bbox 1127 3808 1186 3848; x_wconf 86' lang='lat' dir='ltr'>tam</span> 
     </span>
     <span class='ocr_line' id='line_1_37' title="bbox 202 3879 1186 3958; baseline -0.003 -21"><span class='ocrx_word' id='word_1_298' title='bbox 202 3883 342 3958; x_wconf 83' lang='lat' dir='ltr'>inopinati</span> <span class='ocrx_word' id='word_1_299' title='bbox 364 3894 423 3939; x_wconf 78' lang='lat' dir='ltr'>tant</span> <span class='ocrx_word' id='word_1_300' title='bbox 448 3883 591 3938; x_wconf 85' lang='lat' dir='ltr'>ntirabilt&#39;s</span> <span class='ocrx_word' id='word_1_301' title='bbox 615 3894 675 3938; x_wconf 84' lang='lat' dir='ltr'>tant</span> <span class='ocrx_word' id='word_1_302' title='bbox 704 3881 927 3958; x_wconf 78' lang='lat' dir='ltr'>expavescendi,</span> <span class='ocrx_word' id='word_1_303' title='bbox 965 3892 991 3935; x_wconf 89' lang='lat' dir='ltr'>et</span> <span class='ocrx_word' id='word_1_304' title='bbox 1024 3879 1078 3935; x_wconf 86' lang='lat' dir='ltr'>nisi</span> <span class='ocrx_word' id='word_1_305' title='bbox 1105 3881 1186 3935; x_wconf 81' lang='lat' dir='ltr'>nehe-</span> 
     </span>
    </p>
   </div>
   <div class='ocr_carea' id='block_1_5' title="bbox 202 3967 1185 4047">
    <p class='ocr_par' dir='ltr' id='par_1_5' title="bbox 202 3967 1185 4047">
     <span class='ocr_line' id='line_1_38' title="bbox 202 3967 1185 4047; baseline -0.004 -22"><span class='ocrx_word' id='word_1_306' title='bbox 202 3980 314 4028; x_wconf 83' lang='lat' dir='ltr'>menter</span> <span class='ocrx_word' id='word_1_307' title='bbox 330 3970 390 4047; x_wconf 88' lang='lat' dir='ltr'>ipse</span> <span class='ocrx_word' id='word_1_308' title='bbox 405 3970 559 4026; x_wconf 85' lang='lat' dir='ltr'>terruisset</span> <span class='ocrx_word' id='word_1_309' title='bbox 576 3970 655 4026; x_wconf 86' lang='lat' dir='ltr'>nullo</span> <span class='ocrx_word' id='word_1_310' title='bbox 680 3970 766 4026; x_wconf 83' lang='lat' dir='ltr'>modo</span> <span class='ocrx_word' id='word_1_311' title='bbox 786 3969 900 4025; x_wconf 84' lang='lat' dir='ltr'>sinendi</span> <span class='ocrx_word' id='word_1_312' title='bbox 918 3979 947 4023; x_wconf 87' lang='lat' dir='ltr'>ut</span> <span class='ocrx_word' id='word_1_313' title='bbox 964 3967 1108 4046; x_wconf 82' lang='lat' dir='ltr'>magister</span> <span class='ocrx_word' id='word_1_314' title='bbox 1131 3986 1185 4023; x_wconf 89' lang='lat' dir='ltr'>non</span> 
     </span>
    </p>
   </div>
   <div class='ocr_carea' id='block_1_6' title="bbox 1252 3387 1401 3532">
    <p class='ocr_par' dir='ltr' id='par_1_6' title="bbox 1252 3387 1401 3532">
     <span class='ocr_line' id='line_1_39' title="bbox 1252 3387 1401 3479; baseline 0.007 -52"><span class='ocrx_word' id='word_1_315' title='bbox 1252 3387 1359 3479; x_wconf 82' lang='lat' dir='ltr'>promise</span> <span class='ocrx_word' id='word_1_316' title='bbox 1373 3387 1401 3428; x_wconf 86' lang='lat' dir='ltr'>ol</span> 
     </span>
     <span class='ocr_line' id='line_1_40' title="bbox 1260 3438 1391 3497; baseline 0.015 -18"><span class='ocrx_word' id='word_1_317' title='bbox 1260 3438 1339 3497; x_wconf 79' lang='lat' dir='ltr'>aining</span> <span class='ocrx_word' id='word_1_318' title='bbox 1355 3439 1391 3481; x_wconf 82' lang='lat' dir='ltr'>ltis</span> 
     </span>
     <span class='ocr_line' id='line_1_41' title="bbox 1258 3497 1343 3532; baseline 0.012 -1"><span class='ocrx_word' id='word_1_319' title='bbox 1258 3497 1343 3532; x_wconf 79' lang='lat' dir='ltr'>action.</span> 
     </span>
    </p>
   </div>
   <div class='ocr_carea' id='block_1_7' title="bbox 202 4203 1184 4485">
    <p class='ocr_par' dir='ltr' id='par_1_7' title="bbox 202 4203 1184 4365">
     <span class='ocr_line' id='line_1_42' title="bbox 253 4203 1184 4260; baseline -0.003 -12"><span class='ocrx_word' id='word_1_320' title='bbox 253 4217 289 4260; x_wconf 78' lang='lat' dir='ltr'>eu.</span> <span class='ocrx_word' id='word_1_321' title='bbox 318 4207 339 4249; x_wconf 87' lang='grc' dir='ltr'>Α</span> <span class='ocrx_word' id='word_1_322' title='bbox 362 4205 386 4248; x_wconf 92' lang='lat' dir='ltr'>iu</span> <span class='ocrx_word' id='word_1_323' title='bbox 411 4217 497 4257; x_wconf 71' lang='lat' dir='ltr'>marg:</span> <span class='ocrx_word' id='word_1_324' title='bbox 526 4204 684 4259; x_wconf 76' lang='lat' dir='ltr'>Augustinus,-</span> <span class='ocrx_word' id='word_1_325' title='bbox 712 4206 742 4247; x_wconf 85' lang='lat' dir='ltr'>ib.</span> <span class='ocrx_word' id='word_1_326' title='bbox 769 4205 843 4248; x_wconf 62' lang='lat' dir='ltr'>aerata,</span> <span class='ocrx_word' id='word_1_327' title='bbox 874 4207 905 4247; x_wconf 78' lang='lat' dir='ltr'>A:</span> <span class='ocrx_word' id='word_1_328' title='bbox 931 4206 999 4246; x_wconf 80' lang='lat' dir='ltr'>bona.</span> <span class='ocrx_word' id='word_1_329' title='bbox 1090 4203 1124 4245; x_wconf 71' lang='lat' dir='ltr'>llo.</span> <span class='ocrx_word' id='word_1_330' title='bbox 1152 4204 1184 4245; x_wconf 77' lang='lat' dir='ltr'>A:</span> 
     </span>
     <span class='ocr_line' id='line_1_43' title="bbox 202 4256 1184 4310; baseline -0.005 -10"><span class='ocrx_word' id='word_1_331' title='bbox 202 4258 329 4301; x_wconf 78' lang='lat' dir='ltr'>ltitatatus.</span> <span class='ocrx_word' id='word_1_332' title='bbox 397 4256 429 4301; x_wconf 76' lang='lat'>33.</span> <span class='ocrx_word' id='word_1_333' title='bbox 446 4258 474 4300; x_wconf 81' lang='lat' dir='ltr'>a:</span> <span class='ocrx_word' id='word_1_334' title='bbox 491 4257 551 4301; x_wconf 84' lang='lat' dir='ltr'>Ecce</span> <span class='ocrx_word' id='word_1_335' title='bbox 565 4263 606 4301; x_wconf 80' lang='lat' dir='ltr'>est.</span> <span class='ocrx_word' id='word_1_336' title='bbox 693 4256 779 4300; x_wconf 66' lang='lat' dir='ltr'>:ts-to.</span> <span class='ocrx_word' id='word_1_337' title='bbox 796 4258 826 4299; x_wconf 85' lang='lat' dir='ltr'>u:</span> <span class='ocrx_word' id='word_1_338' title='bbox 842 4262 888 4300; x_wconf 85' lang='lat' dir='ltr'>tam</span> <span class='ocrx_word' id='word_1_339' title='bbox 903 4259 1049 4310; x_wconf 76' lang='lat' dir='ltr'>inopinatam</span> <span class='ocrx_word' id='word_1_340' title='bbox 1064 4256 1184 4298; x_wconf 72' lang='lat' dir='ltr'>intrabilis,</span> 
     </span>
     <span class='ocr_line' id='line_1_44' title="bbox 202 4310 371 4365; baseline -0.006 -13"><span class='ocrx_word' id='word_1_341' title='bbox 202 4310 236 4365; x_wconf 82' lang='lat'>37.</span> <span class='ocrx_word' id='word_1_342' title='bbox 251 4313 288 4353; x_wconf 77' lang='lat' dir='ltr'>A:</span> <span class='ocrx_word' id='word_1_343' title='bbox 303 4310 371 4353; x_wconf 78' lang='lat' dir='ltr'>trulla.</span> 
     </span>
    </p>

    <p class='ocr_par' dir='ltr' id='par_1_8' title="bbox 253 4415 1128 4485">
     <span class='ocr_line' id='line_1_45' title="bbox 253 4415 1128 4485; baseline -0.003 -18"><span class='ocrx_word' id='word_1_344' title='bbox 253 4433 294 4468; x_wconf 80' lang='lat'>22.</span> <span class='ocrx_word' id='word_1_345' title='bbox 312 4418 370 4469; x_wconf 88' lang='lat' dir='ltr'>Joh.</span> <span class='ocrx_word' id='word_1_346' title='bbox 390 4419 454 4480; x_wconf 83' lang='lat' dir='ltr'>xttt,</span> <span class='ocrx_word' id='word_1_347' title='bbox 479 4434 542 4467; x_wconf 78' lang='lat'>12—</span> <span class='ocrx_word' id='word_1_348' title='bbox 563 4434 585 4467; x_wconf 63' lang='lat' dir='ltr'>a,</span> <span class='ocrx_word' id='word_1_349' title='bbox 659 4434 699 4485; x_wconf 70' lang='lat' dir='ltr'>en.</span> <span class='ocrx_word' id='word_1_350' title='bbox 718 4422 744 4467; x_wconf 83' lang='lat' dir='ltr'>S.</span> <span class='ocrx_word' id='word_1_351' title='bbox 764 4418 926 4483; x_wconf 69' lang='lat' dir='ltr'>Augustinus</span> <span class='ocrx_word' id='word_1_352' title='bbox 947 4418 994 4466; x_wconf 83' lang='lat' dir='ltr'>lc</span> <span class='ocrx_word' id='word_1_353' title='bbox 1024 4434 1048 4481; x_wconf 89' lang='lat' dir='ltr'>p.</span> <span class='ocrx_word' id='word_1_354' title='bbox 1068 4415 1128 4466; x_wconf 72' lang='lat' dir='ltr'>titio</span> 
     </span>
    </p>
   </div>
   <div class='ocr_carea' id='block_1_8' title="bbox 1023 4502 1076 4553">
    <p class='ocr_par' dir='ltr' id='par_1_9' title="bbox 1023 4502 1076 4553">
     <span class='ocr_line' id='line_1_46' title="bbox 1023 4502 1076 4553; baseline 0.019 -1"><span class='ocrx_word' id='word_1_355' title='bbox 1023 4502 1076 4553; x_wconf 75' lang='lat'>20*</span> 
     </span>
    </p>
   </div>
   <div class='ocr_carea' id='block_1_9' title="bbox 0 0 1556 5130">
    <p class='ocr_par' dir='ltr' id='par_1_10' title="bbox 0 0 1556 5130">
     <span class='ocr_line' id='line_1_47' title="bbox 0 0 1556 5130; baseline 0 0"><span class='ocrx_word' id='word_1_356' title='bbox 0 0 1556 5130; x_wconf 95' lang='lat' dir='ltr'> </span> 
     </span>
    </p>
   </div>
  </div>
 </body>
</html>
