3098 5130
168 479 235 523 eae.
252 464 346 548 mu]
447 483 492 533 uu
511 481 750 532 rnrrcunrsro
770 482 834 531 ma.
855 483 873 530 r.

167 662 235 700 cum
254 642 391 699 Christus
408 642 488 699 dicat
511 661 571 699 non
596 644 678 717 quod
702 643 749 699 hic
773 655 816 700 est
840 662 950 717 corpus
975 662 1076 701 meum
1100 646 1152 701 sed

167 732 248 804 quod
273 731 326 786 hoc
351 744 395 787 est
419 748 528 804 corpus
554 748 666 787 meum.
696 732 783 787 Unde
807 730 886 787 inter
909 729 1012 787 omnia
1036 733 1153 788 subter-

166 817 247 891 fugia
276 816 448 874 trutannica
476 816 652 874 Antichristi
687 819 743 874 hoc
772 830 815 873 est
844 837 939 874 unum
974 817 1151 893 precipuum

167 925 228 979 quo
258 903 368 962 dicitur
396 906 478 978 quod
509 923 619 979 corpus
647 903 759 961 Christi
787 904 959 979 ydemptice
993 920 1021 962 et
1053 924 1153 963 essen·

143 991 283 1050 §cialiter
316 1005 359 1048 est
386 991 510 1048 ibidem.
544 994 612 1048 Non
641 990 721 1048 enim
753 993 810 1048 hoc
839 991 976 1066 queritur
998 1011 1054 1050 nec
1079 993 1152 1050 fides
1182 999 1221 1041 but
1235 1010 1261 1040 rs
1275 1004 1302 1058 ro·
1313 998 1352 1041 the

166 1081 315 1153 scripture
346 1080 404 1136 hoc
429 1079 527 1154 exigit,
558 1081 609 1136 sed
639 1077 776 1152 queritur
799 1078 872 1154 quid
901 1079 932 1135 in
960 1094 1070 1137 natura
1098 1098 1152 1137 sua
1181 1051 1348 1146 ”effigieihihe

166 1167 204 1223 sit
229 1166 279 1224 illa
303 1166 402 1223 hostia
425 1180 493 1240 post
515 1165 578 1222 eius
599 1166 863 1223 consecracionem
886 1168 955 1231 alba
976 1180 1005 1223 ct
1022 1169 1152 1224 rotunda
1236 1155 1296 1197 '¹⁰⁵¹‘

167 1273 258 1329 quam
283 1256 376 1311 homo
400 1253 480 1311 videt
503 1254 591 1310 oculo
615 1252 779 1328 corporali.
804 1253 904 1311 Scitur
928 1253 1009 1310 enim
1035 1272 1068 1311 ex
1093 1254 1153 1311 fide

166 1343 248 1416 quod
272 1355 380 1399 natura
402 1341 503 1398 divina
519 1359 578 1416 que
600 1354 643 1398 cst
665 1340 772 1397 melior
787 1360 878 1415 quam
902 1359 1012 1415 corpus
1030 1341 1152 1399 Domini

127 1442 211 1485 roest
234 1428 358 1486 ibidem.
393 1430 463 1485 ldeo
493 1428 631 1503 queritur
655 1427 727 1504 quid
757 1441 800 1485 est
829 1428 903 1484 illud
928 1429 1029 1485 album
1054 1441 1082 1484 et
1106 1448 1153 1485 ro-

166 1518 293 1573 tundum
333 1518 414 1591 quod
449 1529 601 1573 sacratum
641 1530 695 1587 est,
734 1516 814 1590 quod
852 1514 916 1572 sine
955 1515 1154 1572 distinccionc

167 1622 309 1660 sensuum
347 1617 390 1661 est
423 1602 522 1660 simile
555 1601 652 1659 hostie
681 1621 742 1659 non
771 1616 897 1659 sacrate.
930 1605 1007 1659 Nam
1035 1602 1066 1659 in
1095 1602 1166 1677 isto,

167 1704 280 1764 puncto
308 1704 367 1746 stat
396 1689 509 1747 heresis
538 1703 567 1746 et
594 1708 655 1747 non
684 1689 714 1746 in
738 1689 896 1764 questione
925 1690 984 1746 alia
1013 1689 1085 1765 quid
1109 1703 1153 1746 est

166 1777 290 1834 ibidem.
324 1779 394 1834 ldeo
423 1779 511 1834 debet
540 1776 637 1833 fidelis
667 1776 825 1850 diligenter
853 1776 973 1851 signare
997 1779 1153 1852 quomodo

127 1862 355 1939 15evangelium
381 1864 469 1922 dicit:
494 1865 560 1920 Hoc
583 1876 626 1920 est
648 1882 756 1939 corpus
779 1882 873 1920 meum
899 1877 928 1920 et
950 1883 1012 1921 non
1041 1864 1087 1921 hic
1111 1876 1154 1922 est

166 1970 273 2027 corpus
305 1970 399 2007 meum
433 1966 462 2008 et
494 1951 649 2025 signanter
680 1970 715 2008 ac
749 1951 877 2008 fideliter
911 1970 1059 2026 exponere
1090 1951 1153 2008 eius

166 2058 298 2096 sensum.
323 2043 360 2095 Et
383 2040 420 2095 ad
447 2040 504 2094 hoc
527 2039 633 2095 vellem
652 2040 733 2112 quod
751 2037 886 2095 trutanni
903 2037 1035 2112 girovagi
1053 2039 1151 2096 forent

165 2144 219 2199 per
247 2126 349 2182 fideles
374 2125 428 2182 Dei
453 2125 531 2182 filios
554 2125 709 2200 applicati.
743 2129 804 2182 Nos
833 2139 933 2181 autem
963 2127 1001 2183 ad
1030 2145 1150 2183 sensum

165 2213 340 2287 oppositum
373 2215 456 2270 salvo
488 2230 607 2287 semper
641 2211 808 2286 preiudicio
841 2211 1007 2269 subtilioris
1046 2231 1151 2270 sensus

124 2300 294 2357 redicimus
318 2302 400 2374 quod
424 2301 473 2357 ille
497 2300 583 2374 panis
607 2313 651 2356 est
675 2318 785 2373 corpus
810 2298 941 2357 Domini.

209 2390 245 2444 Et
262 2400 409 2461 quantum
427 2390 465 2444 ad
482 2386 619 2444 obiectus
635 2388 805 2457 doctorum,
828 2398 910 2460 patet
927 2388 1008 2461 quod
1029 2400 1150 2460 oportet
1166 2391 1217 2435 The
1232 2391 1326 2448 sayings
1341 2391 1368 2436 of

166 2474 332 2531 catholicos
356 2476 523 2531 secundum
540 2476 622 2549 quod
639 2476 727 2530 docet
745 2472 818 2530 fides
843 2472 991 2547 scripture
1015 2487 1044 2530 et
1066 2473 1149 2531 racio
1193 2445 1332 2540 rupufgphpers

166 2561 264 2635 glosas
288 2561 350 2617 suis
374 2561 565 2619 sermonibus
589 2561 755 2635 applicare,
780 2573 813 2617 ut
828 2560 1007 2617 Ambrosius
1030 2560 1150 2618 videtur
1173 2548 1355 2644 Ἓξξὲξξζῖᾗζῃ

167 2647 267 2705 dicere
291 2652 372 2723 quod
395 2668 456 2706 non
482 2662 584 2705 manet
607 2647 693 2723 panis
717 2661 784 2722 post
809 2647 1072 2705 consecracionem
1097 2650 1149 2706 sed
1199 2653 1325 2749 wilgrssfflt

125 2739 154 2789 25
166 2736 361 2792 solummodo
377 2754 487 2809 corpus
504 2735 626 2792 Christi.
651 2734 745 2792 Cuius
761 2737 852 2791 verba
868 2733 912 2791 sic
928 2753 1001 2792 sane
1024 2748 1150 2809 possunt

166 2821 293 2896 intelligi
317 2825 399 2897 quod
423 2823 472 2879 illa
499 2822 597 2880 hostia
620 2842 682 2879 non
707 2836 809 2878 manet
832 2821 1040 2896 principaliter
1064 2822 1151 2897 panis

166 2923 233 2984 post
250 2910 513 2967 consecracionem
543 2911 594 2966 sed
616 2909 659 2966 sic
679 2909 872 2966 solummodo
894 2928 1004 2984 corpus
1025 2909 1151 2982 Christi;

167 3011 194 3052 et
227 2997 270 3053 sic
302 3009 401 3071 potest
433 2996 488 3054 iste
521 3011 642 3053 sanctus
675 3015 747 3052 sane
779 2995 905 3069 intelligi
938 3012 966 3053 et
996 3016 1065 3054 cum
1095 2998 1151 3053 hoc

166 3083 274 3140 salvari
308 3085 382 3141 hdes
416 3083 565 3158 scripture
601 3082 739 3158 Apostoli
778 3096 806 3139 et
844 3083 958 3140 dictum
992 3083 1151 3158 Augustini

125 3175 155 3224 30
167 3170 295 3227 dicentis
328 3173 410 3245 quod
448 3171 499 3227 ille
532 3170 618 3244 panis
652 3169 824 3227 cotidianus
862 3184 905 3227 est
943 3171 1042 3228 hostia
1081 3190 1152 3229 con-

166 3272 293 3314 sectata.

209 3348 246 3401 Et
274 3357 356 3419 patet
382 3347 488 3402 modus
511 3343 655 3419 loquendi
683 3344 714 3400 in
744 3344 976 3401 consecracione
999 3363 1078 3418 pape
1105 3345 1151 3401 vel

166 3430 289 3489 alterius
313 3431 431 3507 prelati,
456 3431 507 3489 ubi
531 3434 569 3488 ad
593 3431 684 3488 istum
709 3449 832 3488 sensum
857 3430 969 3488 dicitur
984 3432 1067 3505 quod
1090 3449 1152 3487 non

166 3532 301 3575 remanet
324 3519 475 3594 posterius
499 3510 644 3576 Ricardus
668 3519 728 3575 alia
752 3536 882 3593 persona
907 3520 943 3574 de
966 3518 1081 3592 populo
1105 3517 1151 3574 vel

124 3606 320 3662 35J0hannes
351 3608 403 3663 sed
433 3624 508 3680 pure
537 3624 626 3679 papa,
659 3618 692 3663 ut
720 3607 759 3661 ad
788 3604 851 3661 eius
882 3604 1059 3678 dignitatem
1085 3605 1151 3677 plus

166 3706 256 3766 atque
299 3693 434 3750 officium
482 3693 666 3749 attendatur.
716 3695 752 3747 Et
795 3691 914 3748 videtur
956 3689 1151 3747 Ambrosium

166 3780 347 3837 necessitare
368 3781 405 3836 ad
423 3779 512 3835 istam
533 3778 719 3835 sentenciam
740 3778 963 3847 affirmandam,
986 3796 1055 3834 cum
1078 3777 1151 3834 dicit

166 3879 194 3922 et
227 3869 333 3922 suadet
366 3865 573 3940 multipliciter
602 3867 683 3940 quod
717 3865 796 3921 istud
830 3867 911 3940 quod
947 3864 1030 3939 prius
1062 3864 1151 3922 fuerit

217 4155 235 4198 5.
252 4154 311 4197 Ain
327 4165 411 4209 marg:
436 4153 540 4209 Questr'o.
635 4151 664 4203 13,
681 4165 712 4205 ¹4·
738 4152 770 4194 B:
795 4159 830 4195 est
853 4152 893 4195 r'br'.
991 4164 1022 4203 14.
1042 4154 1076 4195 A:
1092 4152 1152 4196 dr'er't

158 4206 240 4269 fidelis
254 4207 329 4249 twice.
415 4206 446 4250 15.
461 4208 482 4249 A
498 4207 520 4249 in
537 4217 624 4302 marg}
642 4204 797 4282 Responsio..
858 4215 894 4258 ²9·
912 4205 946 4265 h:
962 4205 1066 4260 apostoli
1074 4205 1148 4281 deest

166 4258 201 4314 34,
213 4258 245 4304 35.
256 4259 287 4302 B:
303 4258 540 4302 velJoltannetdeest.
609 4266 631 4302 o.
645 4259 667 4301 Α
677 4269 700 4300 tn
712 4269 796 4313 marg..
812 4255 952 4299 Ambrosius.
1006 4254 1040 4300 38.
1050 4257 1079 4299 B.
1093 4256 1149 4310 furt.

219 4418 259 4472 36.
279 4418 319 4468 Cf.
338 4420 377 4470 De
396 4407 567 4480 Eucharistia,
586 4433 645 4485 pag.
664 4432 723 4482 220.

1000 4517 1007 4553 t
1018 4516 1025 4552 r
1035 4501 1048 4530 *
