3098 5130
215 501 284 547 CAP.
300 490 353 574 111.]
489 507 534 559 DE
555 505 792 558 ANTlCHRlSTO
812 506 877 557 ΗΒ.
896 506 914 557 1.

211 669 368 725 secundum
393 669 531 724 ruaudata
556 668 654 723 viuere
677 666 751 743 legis
774 678 801 723 et
824 685 880 722 nou
905 665 1003 722 reuire
1017 667 1057 721 ad
1074 666 1199 741 facilem

212 767 238 811 et
263 756 459 812 delectabilem
482 755 613 833 gloriam
638 754 703 809 Dei.
729 753 776 810 De
798 753 901 829 quibus
924 753 1056 810 onerosis
1079 755 1199 809 mauda-

212 843 249 899 tis
280 842 370 899 eciam
401 842 546 898 Dominus
582 859 674 917 snpra
713 840 827 897 dicebat
864 841 1021 897 cohortans
1056 842 1197 916 populum
1275 910 1280 917 .

214 929 384 985 iudeorum:
422 929 519 985 Venite
545 929 585 984 ad
608 946 654 984 me
676 946 775 984 omnes
801 927 851 1002 qui
873 928 1014 984 laboratis
1037 939 1064 984 et
1087 929 1202 984 onerati

115 1021 180 1084 405⁸
212 1017 280 1072 estis
300 1012 304 1095 l
325 1028 351 1072 et
373 1034 429 1094 ego
453 1015 582 1092 reficiam
609 1034 667 1072 vos.
700 1014 739 1070 Et
763 1016 869 1071 Petrus
897 1015 925 1070 iu
948 1015 1060 1071 actibus
1082 1026 1199 1090 aposto·

213 1105 308 1159 lorum
341 1103 424 1159 dicit:
456 1103 496 1159 Et
524 1121 575 1159 uos
605 1102 675 1179 quid
696 1102 844 1178 temptatis
868 1102 962 1157 Deum
986 1112 1014 1158 et
1037 1102 1124 1158 uultis
1147 1102 1199 1158 im-

209 1208 320 1265 ponere
350 1191 451 1269 iugum
484 1207 574 1265 super
605 1190 733 1246 cervices
765 1189 975 1265 discipulorum
1004 1190 1082 1264 quod
1112 1206 1201 1265 neque

213 1295 265 1334 rios
293 1295 382 1352 ireque
400 1287 503 1353 patres
527 1277 620 1333 nostri
638 1288 763 1352 portare
782 1277 941 1352 potuimus,
972 1277 1025 1332 sed
1049 1293 1106 1351 per
1126 1295 1200 1353 gra-

211 1365 285 1420 ciam
304 1365 413 1422 domiui
425 1365 494 1421 lesu
514 1363 627 1420 Christi
640 1364 787 1420 credimus
811 1364 933 1433 salvari,
955 1364 1200 1439 quemadmodum

174 1464 240 1507 10et
272 1452 316 1507 illi
345 1452 396 1527 qui
426 1470 515 1508 onera
549 1451 625 1528 legis
656 1451 827 1526 quibusdam
861 1451 1027 1507 racionibus
1050 1450 1201 1525 fabulosis

213 1540 448 1595 commendantes
480 1538 664 1595 auditoribus
696 1538 780 1615 quasi
811 1537 924 1593 vincula
952 1556 1042 1612 super
1065 1538 1202 1593 brimeros

213 1626 312 1682 cordis
334 1644 436 1682 eorum
459 1625 636 1703 alligabant,
668 1636 698 1681 ut
728 1625 814 1702 quasi
846 1625 972 1681 racionis
997 1625 1111 1681 vinculo
1135 1643 1201 1680 cou-

213 1712 309 1769 stricti
340 1731 396 1769 non
420 1713 562 1769 reicerent
584 1730 617 1768 ea
641 1730 718 1768 ase.
751 1712 812 1789 Ipsi
833 1724 928 1767 aretem
952 1729 1003 1768 nec
1025 1729 1065 1768 ex
1087 1712 1201 1767 modica

210 1810 299 1874 parte
321 1818 355 1855 ea
378 1800 545 1875 implebant,
577 1817 628 1855 nec
651 1799 746 1855 dicam
771 1799 859 1874 pleno
882 1817 971 1875 opere
992 1799 1045 1856 sed
1067 1817 1118 1855 uec
1142 1816 1201 1855 mo·

176 1888 278 1943 {sdico
316 1897 405 1958 tactu,
443 1888 497 1942 boc
534 1897 586 1957 est,
625 1886 727 1963 digito.
767 1887 931 1943 Secundum
965 1886 1200 1962 consequeuciam
1265 1916 1372 1958 pumen,

214 1984 309 2029 utitem
334 1975 408 2031 tales
429 1984 496 2030 suut
518 1973 608 2030 eciam
633 1991 707 2029 nuuc
729 1974 897 2029 sacerdotes
920 1974 969 2048 qui
991 1992 1103 2031 omium
1121 1973 1201 2029 iusti·
1238 1967 1393 2062 imffiasst

215 2061 289 2116 ciam
309 2062 419 2137 populo
443 2061 582 2116 mandant
606 2071 633 2115 et
655 2060 712 2136 ipsi
733 2078 784 2118 uec
807 2061 952 2117 modicam
968 2072 1097 2131 servant,
1123 2061 1200 2117 vide·
1269 2072 1361 2127 pocus.

216 2148 281 2204 licet
304 2166 359 2204 nou
384 2158 415 2202 nt
430 2147 577 2223 facientes
600 2148 658 2204 sint
681 2148 749 2204 iusti
769 2148 822 2204 sed
842 2159 874 2203 ut
890 2149 1024 2205 docentes
1038 2158 1202 2225 appareant

215 2235 290 2291 insti.
328 2235 412 2291 Tales
435 2234 521 2291 etiam
545 2247 611 2291 sunt
633 2235 683 2311 qui
708 2253 805 2312 grave
824 2235 940 2310 pondus
964 2235 1140 2291 venientibus
1162 2234 1203 2290 ad

174 2341 206 2374 20
212 2322 403 2398 penitenciam
437 2322 595 2396 imponunt,
628 2322 676 2396 qni
703 2322 803 2377 dicunt
826 2333 852 2378 et
876 2339 930 2378 non
946 2322 1082 2397 faciunt,·
1112 2333 1140 2378 et
1162 2322 1203 2378 sic

216 2410 283 2464 dum
304 2427 379 2484 pena
398 2409 556 2484 penitencie
576 2408 721 2484 presentis
738 2409 874 2486 fugitur,
897 2409 1110 2485 contempnitur
1127 2427 1203 2485 pena

213 2496 326 2572 peccati
340 2495 452 2572 futuri.
477 2495 510 2551 Si
531 2495 605 2552 enim
621 2497 740 2571 fascem
756 2513 846 2571 super
862 2496 999 2552 humeros
1015 2496 1206 2552 adolescentis

216 2602 300 2657 quiam
334 2601 389 2640 nou
409 2593 506 2659 potest
528 2582 659 2640 baiulare
677 2584 822 2658 posueris,
854 2601 968 2640 necesse
991 2583 1076 2638 habet
1099 2595 1129 2639 ut
1156 2593 1206 2638 aut

216 2672 333 2747 fascem
351 2670 451 2726 reiciat
466 2681 516 2725 aut
536 2671 588 2727 sub
600 2671 733 2746 pondere
750 2670 970 2748 confringatur,
992 2670 1034 2727 sic
1057 2681 1084 2726 et
1100 2670 1207 2726 bomini

175 2758 263 2815 sicui
284 2774 381 2835 grave
400 2757 517 2833 pondus
537 2757 698 2833 penitencie
720 2757 853 2833 imponis,
886 2775 1001 2814 necesse
1032 2768 1074 2813 est
1103 2768 1134 2812 ut
1156 2767 1206 2812 ant

214 2844 405 2922 penitenciam
430 2844 532 2901 reiciat
554 2855 604 2900 aut
619 2844 778 2919 suscipiens
802 2846 869 2899 dum
893 2846 1018 2920 sufferre
1034 2863 1089 2899 uon
1109 2854 1206 2919 potest

216 2932 432 3012 scaudalipatns
454 2931 580 3007 amplius
599 2942 707 3007 peccet.
732 2931 846 2988 Deinde
869 2932 922 2988 etsi
943 2949 1089 3003 erramus,
1112 2931 1204 2986 modi-

217 3039 279 3075 cam
310 3019 499 3094 penitenciam
528 3019 715 3095 imponentes,
748 3036 840 3076 uonue
872 3019 974 3076 melius
1007 3029 1049 3074 est
1080 3029 1206 3094 propter

218 3106 448 3163 misericordiam
473 3108 618 3163 racionem
635 3107 708 3162 dare
730 3124 816 3180 quam
834 3117 960 3183 propter
980 3106 1206 3161 crudelitatem?

176 3197 208 3246 30
221 3194 276 3250 o'oi
294 3203 383 3269 pater
397 3193 535 3269 familias
558 3194 664 3271 largus
686 3203 730 3249 est
753 3193 938 3269 dispeusator
961 3211 1016 3249 uon
1040 3193 1122 3249 debet
1146 3210 1206 3249 esse

218 3293 316 3347 tenax,
340 3281 367 3335 si
388 3280 469 3336 Deus
491 3280 633 3358 benignus
655 3291 707 3346 est,
731 3281 847 3355 utquid
869 3281 1008 3337 sacerdos
1031 3279 1092 3336 eius
1111 3290 1205 3335 auste-

219 3369 292 3424 rus?
316 3368 360 3423 Vis
382 3384 529 3443 apparere
549 3367 690 3425 sanctus?
716 3366 802 3424 Circa
819 3368 907 3423 vitam
925 3378 1004 3423 tuam
1026 3378 1087 3423 esto
1111 3377 1205 3423 auste-

218 3474 279 3525 rus,
313 3455 391 3511 circa
423 3455 548 3511 aliorum
582 3467 678 3511 autem
702 3454 851 3532 benignus.
875 3455 1004 3510 Audiant
1027 3465 1055 3511 te
1077 3454 1206 3510 homiues

215 3560 311 3619 parva
345 3542 528 3598 mandantem
553 3555 580 3599 et
602 3541 709 3619 gravia
727 3541 898 3615 facientem.
936 3541 1016 3597 Talis
1039 3552 1081 3597 est
1109 3552 1204 3597 autem

177 3631 356 3686 bisacerdos
387 3630 436 3704 qui
466 3629 520 3685 sibi
543 3629 675 3709 indulget
698 3640 725 3685 et
748 3630 822 3687 alios
845 3629 940 3706 exigit
963 3629 1205 3704 quemadmodum

219 3718 314 3773 malus
346 3716 512 3792 descriptor
545 3717 646 3774 tributi
678 3717 705 3771 in
729 3716 845 3773 ciuitate
866 3716 968 3792 quise
991 3715 1113 3785 relevat,
1132 3733 1205 3792 pau·

215 3822 303 3880 peres
326 3803 395 3860 ledit
418 3817 445 3860 et
468 3805 593 3861 lutuorat
611 3814 744 3880 potentes
767 3814 794 3860 et
817 3815 919 3860 onerat
939 3804 1117 3879 impotentes.
1143 3805 1205 3859 llec

219 3892 431 3948 crisostomus.

271 4229 291 4271 7.
313 4217 342 4259 B:
362 4229 433 4272 super
452 4218 560 4260 services.
641 4232 664 4271 9.
686 4216 719 4258 A:
739 4216 829 4260 domini
842 4217 912 4260 deest.
993 4227 1024 4268 ¹4·
1040 4216 1074 4258 A:
1090 4224 1118 4256 ea
1131 4213 1205 4256 deest.

221 4269 250 4311 18.
268 4270 296 4311 B:
312 4270 419 4312 diceutes.
482 4280 516 4311 20.
533 4268 623 4313 Codd.:
638 4268 702 4323 qnia.
762 4266 794 4311 23.
809 4271 843 4311 A:
858 4269 918 4311 sicut
932 4279 1031 4312 necesse.
1087 4264 1122 4319 34.
1138 4265 1168 4308 B:
1183 4270 1206 4308 et

219 4334 238 4363 s.
253 4321 348 4377 grauia.
403 4320 437 4365 36.
449 4323 482 4364 A:
499 4322 642 4376 diremptor,-
656 4321 687 4363 ib.
703 4321 736 4362 A:
751 4331 776 4362 se
791 4320 882 4363 relevat
895 4320 966 4363 deest.

271 4464 295 4511 4.
315 4447 403 4498 blanh.
425 4448 467 4511 Xl,
487 4448 526 4498 28.
581 4447 605 4496 ri.
625 4450 680 4500 Act.
699 4447 755 4507 XV,
779 4461 816 4508 to,
840 4461 877 4495 ιι.
