3098 5130
241 474 309 520 eae.
325 463 441 547 utute]
527 481 572 530 oe
593 480 828 532 aurtcantsro
848 481 911 531 tta.
932 482 950 531 1.

242 641 348 699 mortis
387 660 421 699 ex
457 641 644 700 Antichristo
691 661 760 700 cum
799 642 860 700 suis
897 642 1096 718 complicibus
1134 643 1229 701 incul-

241 732 363 788 candas.
396 731 456 786 Sed
491 729 602 786 scimus
635 748 668 788 ex
692 730 751 787 fide
783 731 930 806 evangelii
969 733 1049 789 Luce
1082 733 1148 790 XIX
1176 731 1228 789 ubi

240 836 342 892 supra,
366 818 448 892 quod
472 816 610 875 Christus
633 817 713 875 dicet
735 816 794 875 illis
817 831 887 875 ante
910 819 1117 876 ascensionem
1142 837 1229 876 suam

241 918 308 979 post
325 903 415 962 finale
431 903 591 962 iudicium:
622 905 845 981 Verumptamen
861 905 990 965 inimicos
1006 924 1085 963 meos
1100 907 1168 963 illos
1182 907 1231 982 qui

216 993 396 1060 {noluerunt
419 1010 465 1049 me
487 1010 616 1071 regnare
637 1010 728 1069 super
749 1012 780 1050 se
795 994 930 1050 adducite
953 994 1008 1051 huc
1030 1005 1058 1050 et
1080 994 1232 1071 interficite

240 1091 307 1137 ante
330 1098 383 1138 me.
409 1081 532 1136 Etcum
557 1098 647 1154 papa,
673 1079 806 1156 episcopi
823 1094 852 1138 et
867 1079 978 1155 prelati
994 1080 1096 1138 clerici
1120 1082 1229 1138 debent

241 1185 305 1225 esse
338 1166 459 1224 Christo
498 1166 594 1241 magis
626 1166 796 1240 domestici,
835 1167 907 1242 quia
939 1169 976 1225 de
1005 1186 1059 1225 sua
1083 1167 1229 1242 peculiari

241 1253 356 1311 familia
395 1267 423 1310 et
461 1268 530 1311 sunt
554 1253 675 1312 Christo
709 1254 805 1329 magis
837 1253 998 1329 proditorii
1027 1273 1119 1330 quam
1144 1269 1229 1313 erant
1265 1268 1420 1312 Punirhmenr

241 1339 401 1415 pontifices
434 1354 463 1398 et
487 1340 619 1415 pharisei
643 1341 716 1416 legis
739 1341 858 1419 veteris,
891 1341 1086 1400 manifestum
1109 1340 1229 1401 videtur
1263 1320 1421 1429 'ffi‘ffnss‘f

200 1429 323 1504 roquod
362 1427 411 1486 isti
444 1427 504 1486 sint
537 1442 634 1486 morte
666 1431 799 1488 secunda
833 1429 1055 1504 dampnacione
1082 1441 1229 1504 perpetua
1285 1425 1408 1481 prelata.-

241 1514 414 1588 occidendi;
444 1529 473 1573 et
501 1515 559 1573 ista
583 1517 716 1574 creditur
744 1535 807 1574 esse
830 1516 1007 1592 pestilencia
1031 1535 1122 1591 quam
1146 1518 1229 1573 Jero-

240 1621 349 1677 nymus
366 1616 394 1660 et
410 1602 615 1661 Crisostomus
632 1604 773 1679 inquiunt
789 1603 838 1662 hic
854 1604 1017 1662 Dominum
1036 1605 1228 1679 prophetare.

582 1808 688 1873 CAP.
711 1808 883 1873 XLVIII.

283 1954 387 2009 Posset
411 1964 512 2010 autem
538 1951 634 2010 fidelis
659 1953 797 2011 dubitare
825 1952 953 2011 ulterius
977 1953 1002 2010 si
1026 1951 1152 2011 heretici
1175 1951 1225 2012 isti
1268 1947 1416 2043 Cahsssgn‘hetl

200 2038 406 2097 riconficiunt
428 2040 475 2097 vel
499 2038 555 2097 rite
571 2053 660 2098 orant
683 2042 729 2098 vel
753 2039 926 2098 ministrant
941 2040 1000 2097 alia
1023 2053 1223 2098 sacramenta.
1268 2012 1350 2096 ’aele‘n
1364 2012 1402 2096 iii

240 2129 277 2183 Et
301 2127 413 2184 clamat
438 2129 586 2185 moderna
618 2127 745 2185 ecclesia
768 2130 850 2202 quod
874 2127 1011 2186 Christus
1039 2147 1101 2185 non
1124 2140 1225 2202 potest
1244 2103 1433 2200 ᾟζξῗςξξζξῆ

239 2233 350 2288 papam
368 2227 397 2271 et
415 2232 468 2289 per
484 2233 673 2290 consequens
690 2215 849 2272 ecclesiam
866 2234 951 2272 suam
969 2217 1107 2272 deserere
1131 2227 1159 2271 et
1183 2214 1226 2272 sic
1280 2209 1319 2252 “¹⁸
1333 2221 1402 2264 ⁹⁰9⁶·

240 2301 378 2359 Christus
411 2320 474 2358 non
496 2315 596 2377 potest
629 2321 740 2377 papam
764 2315 793 2359 et
817 2302 985 2360 cardinales
1009 2321 1079 2360 suos
1103 2301 1226 2377 permit-

240 2402 302 2446 tere
325 2388 368 2446 sic
391 2407 528 2463 peccare.
553 2392 590 2447 Et
613 2389 655 2447 ita
679 2389 853 2464 quicunque
877 2389 1004 2448 istorum
1038 2391 1167 2446 duorum
1193 2407 1227 2446 ex

197 2475 466 2551 toapprobacione
491 2475 613 2534 Domini
637 2476 714 2534 foret
744 2495 833 2551 papa,
861 2476 925 2552 ipse
949 2490 1026 2533 esset
1049 2476 1091 2535 sic
1114 2476 1227 2551 impec-

223 2562 345 2642 cabilis
362 2577 391 2621 et
407 2562 460 2621 alii
476 2563 529 2639 qui
546 2565 583 2621 ab
595 2563 661 2639 ipso
678 2562 831 2638 accipiunt
847 2563 1005 2621 licenciam
1024 2562 1226 2621 ministrandi.

284 2652 344 2708 Sed
378 2649 511 2708 dimissis
547 2650 611 2709 istis
643 2651 778 2709 ridiculis
806 2650 980 2708 infidelibus
1004 2649 1226 2709 confidentibus
1250 2643 1436 2739 §thesprotiae

1302 2700 1332 2740 lat
1356 2708 1379 2739 tn

242 2740 278 2795 de
302 2739 419 2812 prelato
443 2756 564 2796 cesareo
581 2738 711 2796 dicimus
735 2737 821 2796 nobis
845 2737 1044 2813 probabiliter
1060 2739 1141 2813 quod
1165 2756 1226 2795 non
1282 2748 1403 2809 following

242 2838 286 2882 est
309 2827 346 2882 de
371 2825 545 2883 substancia
578 2839 680 2883 nostre
714 2825 784 2883 fidei
817 2827 901 2902 quod*
932 2829 1012 2882 Deus
1046 2838 1227 2900 cooperetur
1237 2799 1446 2896 cffflffl‘fflel

198 2911 310 2970 25cum
335 2911 387 2970 tali
412 2913 529 2988 prelato
553 2913 669 2971 cesario
694 2912 895 2970 ministrando
928 2912 1103 2969 huiusmodi
1127 2904 1443 3001 sacra-fflglglgfflngs

242 3013 353 3075 menta,
392 3000 564 3074 specialiter
597 3019 665 3058 cum
699 3000 814 3058 fructus
847 2999 1021 3057 huiusmodi
1045 3013 1227 3058 sacramenta

240 3087 292 3161 qui
325 3088 403 3144 soret
436 3087 521 3162 sequi
545 3087 698 3146 Christum
732 3087 763 3144 in
787 3087 923 3145 moribus
955 3088 1045 3161 longe
1069 3087 1175 3145 melior
1199 3100 1228 3144 et

240 3173 343 3230 utilior
375 3174 501 3231 ecclesie
533 3194 624 3250 quam
658 3174 813 3233 confeccio
846 3175 1021 3232 huiusmodi
1045 3174 1228 3233 sacramenti

241 3260 271 3318 in
303 3279 413 3336 penam
448 3261 564 3335 peccati
597 3261 666 3320 talis
698 3262 806 3337 prelati
835 3261 1009 3341 dimittitur,
1042 3280 1135 3337 quare
1167 3280 1230 3319 non

199 3346 231 3396 30
241 3347 386 3420 inutilior,
416 3347 487 3405 licet
510 3348 660 3407 sensibilis
685 3348 874 3408 ministracio
898 3349 1091 3407 sacramenti.
1127 3352 1163 3406 Et
1186 3348 1229 3406 sic

242 3434 375 3493 creditur
398 3435 599 3510 probabiliter
621 3437 704 3511 quod
728 3437 832 3494 oracio
860 3436 929 3494 talis
958 3436 1066 3511 prelati
1091 3436 1124 3492 fit
1147 3456 1229 3494 com-

242 3521 372 3579 muniter
404 3521 436 3578 in
468 3536 637 3597 peccatum,
676 3522 748 3597 quia
779 3542 841 3581 non
879 3537 923 3580 est
960 3523 1114 3580 evidencia
1147 3525 1229 3598 quod

242 3608 379 3666 Christus
413 3609 526 3666 assistit
558 3609 612 3667 tali
645 3609 781 3684 pontifici
813 3624 938 3686 propter
970 3612 1027 3667 hoc
1060 3612 1142 3685 quod
1166 3623 1228 3667 tam

242 3694 361 3753 hianter
392 3715 482 3771 super
517 3696 607 3754 istam
640 3697 769 3756 hostiam
795 3697 838 3755 sic
871 3696 1025 3770 mentitur,
1059 3710 1089 3754 et
1111 3697 1143 3753 in
1175 3716 1229 3755 sua

199 3779 229 3832 35
242 3784 475 3841 conversacione
499 3784 573 3842 dicit
596 3785 782 3843 contrarium
806 3785 866 3842 vite
889 3783 1011 3842 Christi.

284 3872 322 3927 Et
345 3869 388 3928 sic
423 3873 525 3946 quoad
549 3871 679 3946 primam
703 3885 822 3948 partem
852 3874 889 3929 de
912 3871 1107 3930 confeccione
1131 3872 1228 3930 hostie
1261 3879 1313 3923 God
1329 3880 1371 3941 hals
1386 3888 1426 3925 not

241 3971 417 4015 consecrate
440 3958 559 4016 videtur
593 3958 696 4017 multis
719 3959 842 4018 difficile
873 3959 973 4017 dicere
996 3959 1150 4017 racionem
1176 3979 1227 4035 pa·
1247 3933 1437 4042 liuiiciiinitilf

240 4058 354 4102 tentem
387 4047 433 4104 vel
457 4045 642 4105 evidenciam
676 4065 711 4104 ex
743 4047 802 4104 fide
825 4046 1085 4131 scripturelquod
1108 4060 1227 4123 oportet
1238 4039 1446 4145 [αῑξῇἷέεῗρῇξιξω.

293 4257 325 4290 to.
341 4246 370 4288 B:
385 4251 445 4290 runt.
539 4245 568 4290 13.
583 4248 617 4290 A:
634 4247 691 4301 Cup.
706 4246 793 4292 XLVII.
876 4261 908 4301 ¹4·
923 4249 945 4292 Α
960 4247 983 4291 ln
999 4260 1049 4292 mar
1067 4264 1086 4291 .:
1100 4248 1227 4292 Iohannes.

241 4300 348 4344 anain
364 4297 603 4354 marg.:Rerponrt'o.
657 4299 870 4356 36.Ainrnarg.:
886 4312 904 4344 1.
959 4298 1043 4354 37‚3e.
1084 4305 1227 4355 :petentem

295 4439 319 4474 2.
339 4424 427 4475 Lucae
443 4425 511 4488 XIX,
531 4439 571 4482 27.
