3098 5130
175 452 242 494 can
258 436 332 519 xlv-l
458 454 503 503 oe
523 453 759 502 uu‘sicutusro
780 454 842 502 iio.
862 452 890 501 u.

176 626 271 673 autem
296 627 361 671 erat
379 615 465 689 panis
497 613 637 670 traditori
660 614 755 684 datus,
787 614 843 670 nisi
873 615 1088 672 demonstracio
1120 615 1166 670 cui

176 703 279 782 gracie
296 703 407 777 suisset
431 701 592 779 ingratus?
625 701 746 755 Intravit
780 719 854 777 ergo
873 712 940 777 post
964 702 1038 757 liunc
1058 721 1163 778 panem

176 802 296 848 satanas
320 790 347 844 in
364 789 485 844 Domini
501 788 686 845 traditorem.
704 799 734 842 nt
749 789 804 844 sibi
823 789 880 844 iam
897 789 1038 844 traditum
1051 790 1165 864 plenius

175 878 340 954 possideret
362 877 389 931 in
414 893 496 949 quem
516 875 601 951 prius
625 876 787 930 intraverat
812 887 841 930 nt
871 875 1025 950 deciperet.
1066 878 1165 950 Neque

154 963 250 1021 5enim
274 965 335 1020 sine
367 963 417 1018 illo
450 974 523 1033 erat,
556 963 670 1037 quando
698 963 737 1017 ad
769 964 872 1018 Iudeos
900 963 1037 1038 perrexit
1068 975 1095 1018 et
1129 965 1165 1019 de

174 1052 276 1129 precio
300 1051 429 1106 tradenti
452 1051 572 1105 Domini
600 1060 704 1124 pactus
730 1061 781 1119 est,
814 1068 877 1105 cum
902 1050 954 1105 bec
983 1050 1166 1126 apertissime

178 1140 275 1195 Lucas
291 1138 484 1215 Evangelista
502 1149 623 1193 testetur
638 1147 665 1191 et
681 1138 775 1191 dicat:
792 1136 916 1192 Intravit
932 1147 1027 1192 antem
1040 1138 1166 1193 Satanas

178 1228 205 1282 in
220 1227 338 1292 ludam,
355 1225 403 1299 qui
414 1225 677 1301 cognominabatur
694 1224 838 1293 Scariotli,
857 1242 942 1278 titium
962 1226 997 1280 de
1013 1224 1164 1280 duodecim

178 1326 205 1369 et
227 1313 297 1369 abiit
320 1323 346 1368 et
370 1313 482 1367 locutus
505 1322 547 1367 est
571 1330 635 1367 cum
655 1310 836 1386 principibus
858 1312 1055 1366 sacerdotum.
1089 1311 1166 1368 Ecce

138 1401 226 1457 ¹0ubi
258 1400 419 1457 ostenditur
450 1399 528 1474 quod
560 1399 617 1453 iam
648 1399 813 1453 intrauerat
840 1409 960 1453 satanas
992 1399 1020 1453 in
1047 1398 1163 1453 ludam.

180 1488 266 1544 Prius
289 1505 363 1563 ergo
387 1487 551 1541 intrauerat
567 1485 746 1540 immittendo
763 1485 790 1540 in
808 1504 859 1541 cor
876 1485 935 1540 eius
955 1486 1165 1561 cogitacionem

180 1594 234 1651 qua
259 1575 390 1630 traderet
410 1573 577 1628 Christum:
599 1573 667 1627 talis
683 1573 757 1629 enim
782 1572 838 1627 iam
865 1583 983 1627 uenerat
1006 1574 1046 1627 ad
1061 1590 1165 1628 cenan-

180 1664 258 1717 dum.
283 1663 368 1716 Nunc
390 1670 485 1715 autem
507 1671 574 1734 post
597 1678 700 1734 ponent
719 1660 838 1714 intrauit
856 1660 883 1713 in
900 1678 975 1728 eum,
1000 1678 1054 1715 non
1071 1661 1166 1714 adime

180 1761 209 1805 ut
233 1749 357 1804 alienum
382 1757 505 1802 tentaret
528 1748 580 1803 sed
603 1759 633 1801 ut
654 1747 809 1821 proprium
831 1747 1005 1822 possideret.

142 1849 168 1883 ¹³
223 1837 290 1892 Non
313 1846 408 1890 autern
434 1845 462 1888 ut
476 1846 581 1909 putant
597 1835 714 1908 quidam
733 1835 918 1910 negligenter
939 1834 1076 1910 legentes,
1100 1845 1167 1890 tunc
1189 1844 1240 1887 Tne
1256 1857 1299 1897 sop
1316 1857 1361 1885 wa<

179 1923 272 1979 Judas
300 1922 412 1977 Christi
435 1939 538 1996 corpus
554 1922 672 1997 accepit.
698 1921 922 1998 Intelligendum
940 1932 982 1976 est
1000 1922 1073 1976 enim
1091 1922 1168 1995 quod
1191 1897 1360 1992 ¹¹⁰gpl¹fi⁰hssffll

182 2010 238 2065 iam
263 2010 394 2066 omnibus
419 2009 608 2064 distribuerat
633 2009 775 2064 Dominus
797 2018 1013 2064 sacramentum
1035 2009 1169 2082 corporis

182 2108 208 2152 et
235 2096 388 2173 sanguinis
415 2096 468 2164 sui,
498 2096 546 2150 ubi
582 2107 607 2151 et
635 2096 696 2170 ipse
722 2095 816 2151 ludas
843 2105 917 2161 erat,
950 2095 1024 2151 sicut
1051 2107 1168 2151 sanctus

182 2184 278 2239 Lucas
301 2183 513 2239 evidentissime
536 2193 656 2237 narrat:
679 2200 714 2238 ac
730 2182 833 2237 deinde
855 2183 964 2237 adhoc
980 2192 1094 2237 eentum
1116 2194 1167 2253 est,

140 2271 230 2326 ²⁰ubi
251 2271 408 2326 secundum
433 2270 636 2325 narrationem
660 2269 800 2325 lobannis
823 2269 1004 2344 apertissime
1025 2269 1169 2324 Dominus

179 2375 235 2432 per
258 2358 416 2414 buccellam
446 2357 563 2412 tinctam
597 2368 682 2430 atque
709 2366 879 2432 porrectam
912 2374 995 2411 snum
1029 2356 1169 2432 exprimit

182 2445 356 2500 traditorem
382 2444 527 2518 fortassis
547 2463 604 2519 per
623 2444 709 2519 panis
733 2444 912 2509 tinctionem,
941 2443 1019 2499 illius
1047 2444 1169 2519 signans

173 2532 337 2608 ficcionem.
368 2532 434 2586 Non
458 2531 532 2586 enirn
561 2531 658 2586 onmia
686 2548 739 2604 que
761 2531 915 2608 tinguntur
938 2530 1095 2586 abluuntur
1116 2531 1170 2586 sed

183 2631 213 2674 nt
246 2618 468 2695 interficiantur,
501 2618 637 2673 norumlla
675 2618 837 2694 tinguntur.
877 2618 910 2671 Si
935 2628 1030 2673 autern
1064 2618 1168 2673 bonum

141 2705 294 2779 abaliquid
316 2706 368 2761 itec
392 2704 538 2781 significat
562 2705 674 2774 tinccio,
704 2705 795 2760 eidem
829 2706 901 2761 bono
933 2705 1085 2781 ingratum
1114 2723 1169 2760 non

183 2792 317 2849 inmerito
340 2805 438 2848 secuta
455 2804 497 2847 est
521 2793 677 2848 damnatio.
702 2792 804 2847 Adhuc
824 2802 919 2847 tamen
944 2793 1014 2846 iude
1025 2793 1170 2867 possessio

91 2883 156 2950 437⁶
184 2898 239 2935 non
256 2879 412 2935 aDomino
428 2881 481 2934 sed
496 2898 513 2934 a
535 2874 539 2959 i
561 2879 675 2934 diabolo
692 2897 755 2934 cum
774 2879 883 2934 homini
898 2880 1018 2955 ingrato
1033 2880 1171 2934 intrasset

180 2967 267 3042 panis
290 2966 317 3021 in
343 2977 482 3037 verterem,
506 2967 596 3022 bostis
612 2966 640 3020 in
658 2979 797 3033 mentem;
819 2967 924 3036 adbuc,
946 2966 1074 3042 inquam,
1098 2966 1172 3021 tanti

184 3054 256 3109 mali
284 3054 341 3108 iam
370 3054 460 3109 corde
487 3054 618 3128 concepti
645 3054 749 3128 plenus
777 3054 906 3109 restabat
934 3054 1060 3128 effectus,
1090 3053 1171 3108 ctiitts

142 3149 173 3200 30
184 3141 241 3196 iam
256 3151 439 3216 precesserat
461 3141 663 3215 dampnandus
678 3142 807 3216 affectus.
833 3141 932 3215 Itaque
947 3158 1011 3195 cum
1029 3140 1172 3196 Dominus

181 3229 267 3304 panis
292 3228 373 3283 ninus
393 3246 498 3302 panem
524 3239 639 3283 mortuo
658 3227 828 3282 tradidisset
851 3238 877 3282 et
897 3246 1001 3301 panem
1028 3228 1171 3283 tradendo

181 3315 268 3389 panis
300 3315 474 3370 traditorem
509 3315 696 3370 ostendisset:
737 3315 823 3382 Quod
847 3314 940 3388 sacis,
979 3314 1079 3388 inquit,
1114 3315 1172 3389 sac

185 3402 282 3458 cicius.
315 3402 381 3457 Non
407 3402 534 3476 precipit
550 3402 681 3475 facinus
719 3402 771 3458 sed
790 3401 925 3477 predixit
949 3402 1019 3456 Iude
1051 3402 1171 3467 malum,

185 3489 265 3544 nobis
288 3490 402 3545 bomnn.
432 3489 510 3555 Quid
533 3489 606 3543 enim
632 3489 702 3544 lude
721 3489 805 3563 peius
828 3498 855 3543 et
878 3488 947 3561 qnid
969 3488 1049 3543 nobis
1070 3488 1173 3544 meiius

143 3581 271 3652 biquam
296 3576 422 3631 traditus
442 3576 577 3631 Cluistus
600 3577 635 3630 ab
659 3577 710 3631 illo
733 3577 876 3630 adversus
900 3575 993 3645 illum,
1012 3593 1070 3650 pro
1093 3576 1173 3631 nobis

182 3673 285 3739 preter
308 3663 398 3718 illum.
428 3664 514 3730 Quod
528 3663 621 3736 sacis,
639 3663 697 3736 sac
720 3662 816 3718 cicius.
846 3661 1010 3717 Onerbnm
1036 3662 1172 3718 libencius

182 3750 285 3826 parati
307 3768 391 3824 quam
415 3750 492 3808 irati.
520 3748 546 3804 0
572 3750 690 3805 verbum
715 3768 770 3804 non
794 3760 852 3804 tam
874 3767 980 3823 penam
1005 3749 1173 3824 exprimens

181 3836 345 3913 proditoris
368 3855 454 3911 quam
479 3837 641 3892 mercedem
665 3837 834 3913 significans
856 3836 1060 3911 redemptoris.
1087 3836 1172 3891 Dixit

185 3924 277 3980 enirn:
304 3925 390 3991 Quod
406 3924 499 3998 jacis,
512 3924 568 3997 jac
585 3923 681 3993 cicius,
699 3934 829 3978 nontam
847 3924 875 3978 in
887 3922 1046 3997 perniciem
1063 3923 1173 3998 perfidi

238 4088 253 4118 i.
269 4077 302 4118 A:
322 4074 370 4118 nisi
382 4073 520 4129 denegacio.
575 4071 594 4115 3.
610 4075 644 4116 A:
661 4074 684 4116 in
699 4074 770 4115 deest.
786 4071 875 4115 codd:
892 4072 1024 4127 perrexerit.
1093 4071 1124 4114 23.
1142 4072 1171 4115 B:

177 4126 327 4186 saccioneni,⁸
345 4127 376 4169 ib.
392 4129 426 4170 A:
442 4130 581 4181 tanguntur.
656 4137 691 4178 es.
712 4127 743 4168 B:
759 4125 902 4173 injiciantur.
980 4124 1012 4168 25.
1029 4125 1058 4167 B:
1074 4136 1120 4167 non
1139 4125 1173 4167 in-

185 4185 287 4276 pratum.
341 4191 377 4234 ²9·
396 4179 537 4236 Auffeetus.
592 4177 681 4232 29-30.
697 4180 731 4220 liz
746 4169 947 4234 cuius-affectus
962 4178 1032 4220 deest.
1091 4175 1126 4219 30.
1139 4176 1167 4220 B:

195 4237 267 4288 taque
280 4243 330 4274 cum
344 4244 400 4274 cum.

239 4338 262 4372 2.
300 4324 386 4371 lucae
422 4323 496 4383 xxii,
543 4323 618 4384 3-4.
745 4333 784 4387 u).
822 4321 908 4369 Lucae
945 4320 1020 4381 xxii,
1066 4334 1172 4387 19-21·

187 4395 227 4460 39.
243 4393 302 4443 ioh.
322 4394 386 4453 xlii,
408 4407 447 4456 27.
