3098 5130
226 480 295 525 cat.
310 467 395 552 xiv]
509 487 553 537 uu
574 486 812 538 nutrctttusro
833 488 897 538 tta.
916 489 934 539 1.

225 661 350 722 negaret
373 646 470 704 fidelis
493 646 648 705 racionem
673 648 847 706 huiusmodi
871 648 913 706 sic
934 649 1106 706 formatam.
1132 649 1211 707 Satis

226 734 350 809 quidem
389 749 433 792 est
472 749 741 812 quantumcunque
780 735 901 794 modica
944 736 1093 811 particula
1131 736 1211 792 illius

226 822 324 879 hostie
348 836 522 880 consecrate
545 822 583 880 sit
600 822 709 880 virtute
726 825 887 881 verborum
905 823 1027 880 Domini
1045 823 1212 898 figuraliter

226 907 325 983 ipsum
350 929 459 986 corpus
482 912 521 967 ad
545 928 665 968 sensum
691 909 869 985 expositum.
894 914 931 967 Et
947 911 990 968 sic
1007 910 1079 968 dicit
1095 909 1211 985 logicus

202 998 308 1070 §quod
332 1015 442 1072 corpus
466 996 577 1054 Christi
600 997 639 1054 sit
661 997 693 1054 in
715 997 781 1073 ipsa
805 998 917 1070 hostia;
940 1001 991 1055 sed
1016 1017 1076 1055 non
1101 1017 1211 1073 corpus

225 1084 271 1140 vel
298 1084 463 1142 materialis
491 1084 664 1143 substancia
692 1085 722 1142 in
751 1085 817 1160 ipsa
845 1085 954 1143 hostia.
989 1088 1050 1142 Nec
1073 1085 1210 1160 sequitur
1238 1115 1337 1159 canses
1353 1116 1415 1174 body

225 1189 334 1246 corpus
352 1171 463 1229 Christi
481 1186 603 1229 estnon
627 1190 737 1247 corpus
761 1172 791 1229 iu
816 1172 881 1247 ipsa
906 1172 1016 1244 hostia,
1041 1190 1112 1246 ergo
1134 1171 1208 1228 illud
1232 1167 1255 1262 {ss
1268 1175 1417 1265 iffssfifflj

225 1277 335 1333 corpus
367 1258 490 1316 Domini
523 1273 566 1317 est
599 1279 661 1317 non
693 1278 813 1334 corpus,
846 1260 923 1317 sicut
956 1273 1039 1334 patet
1071 1261 1109 1317 de
1140 1276 1209 1333 rege
1254 1274 1385 1317 amarertat

224 1358 344 1403 terreno
375 1346 428 1421 qui
463 1359 507 1404 est
540 1346 708 1404 virtualiter
740 1360 768 1404 et
787 1346 1010 1422 'potencialiter
1043 1348 1082 1403 ad
1115 1346 1209 1403 multa
1259 1327 1393 1370 substance.

186 1445 336 1507 repuncta
374 1434 420 1490 sui
452 1433 587 1509 imperii;
626 1447 654 1491 et
687 1447 790 1491 tamen
827 1454 890 1491 non
928 1447 982 1491 est<
1010 1433 1209 1508 corporaliter

223 1518 346 1592 ibidem,
380 1523 432 1577 sed
465 1535 509 1578 est
543 1540 604 1578 non
637 1520 837 1596 corporaliter
870 1522 916 1579 vel
948 1520 1210 1578 dimensionaliter

223 1606 346 1664 ibidem.
371 1610 408 1664 Et
432 1627 501 1666 cum
525 1627 586 1666 non
610 1621 654 1666 est
677 1610 761 1666 color
785 1627 817 1665 ex
841 1608 899 1666 isto
923 1609 1103 1666 concludere
1126 1610 1209 1683 quod

223 1693 279 1751 iste
303 1713 352 1753 rex
375 1708 513 1753 terrenus
536 1696 575 1753 sit
598 1714 659 1757 non
682 1695 882 1771 corporaliter
898 1697 943 1753 vel
968 1714 1029 1752 non
1044 1694 1209 1752 dimensio-

223 1781 343 1854 naliter,
372 1783 444 1857 quia
475 1783 500 1841 si
530 1796 659 1841 estnon
683 1783 954 1854 dimensionaliter,
984 1796 1055 1840 tunc
1079 1792 1123 1839 est
1147 1801 1209 1839 non

185 1868 484 1928 15dimensionaliter
518 1869 631 1928 alicubi
664 1883 693 1927 et
724 1890 778 1946 per
807 1889 994 1946 consequens
1025 1869 1132 1927 nullibi
1165 1882 1209 1926 est

223 1955 495 2020 dimensionaliter.
520 1960 579 2016 Sed
603 1959 677 2015 tales
701 1958 922 2017 controversias
947 1958 1085 2034 relinquo
1102 1956 1208 2032 logicis

223 2056 251 2100 et
275 2043 428 2120 sophistis.

265 2133 303 2188 Et
330 2131 527 2189 conformiter
559 2131 786 2206 intelligendum
821 2146 864 2190 est
892 2133 973 2207 quod
1001 2130 1206 2206 subpositacio
1251 2144 1392 2189 Distincrton

223 2230 251 2274 et
276 2218 474 2292 personalitas
499 2218 735 2294 distinguuntur,
765 2239 835 2277 cum
859 2219 982 2277 cuilibet
1006 2236 1114 2291 perse
1137 2219 1206 2274 sub·
1234 2198 1407 2304 ,uss'gfflon

181 2305 335 2363 rostaucie
366 2305 444 2364 inest
471 2306 676 2381 suppositacio
708 2321 864 2381 tamquam
900 2305 1078 2363 naturaliter
1110 2303 1423 2398 inexi-ssndtggfffiitit

222 2405 312 2462 stens,
345 2395 397 2450 sed
426 2393 625 2468 personalitas
652 2413 714 2450 non
742 2393 819 2451 inest
847 2392 1026 2449 naturaliter
1053 2390 1110 2447 nisi
1140 2409 1206 2466 per·
1236 2405 1401 2467 betongqonty

222 2498 295 2536 sone
330 2499 388 2554 que
420 2494 464 2538 est
493 2480 655 2538 racionalis
679 2480 866 2550 substancia;
895 2479 925 2538 in
949 2498 1078 2554 persona
1103 2492 1205 2535 tamen
1250 2461 1386 2566 robqqpppat

223 2586 281 2641 que
305 2581 349 2624 est
372 2567 463 2625 simul
486 2568 666 2625 naturaliter
695 2587 822 2643 persona
847 2581 875 2624 et
899 2566 1100 2641 suppositum,
1128 2566 1206 2623 sicut

223 2653 346 2711 inferius
379 2669 423 2712 est
455 2655 633 2713 naturaliter
664 2675 751 2712 suum
785 2653 933 2730 superius,
962 2666 1006 2710 est
1035 2653 1114 2709 idern
1140 2672 1207 2727 per·

180 2741 366 2799 25sonalitas
398 2755 427 2799 et
459 2742 674 2817 suppositacio.
708 2743 825 2817 Corpus
857 2755 959 2798 tamen
992 2739 1103 2797 Christi
1137 2759 1207 2796 con·

223 2828 337 2886 ceditur
354 2831 392 2886 ad
409 2848 529 2886 sensum
548 2831 728 2904 equivocum
746 2848 809 2886 esse
825 2848 955 2903 persona
973 2842 1000 2885 et
1016 2826 1205 2902 suppositum

222 2915 388 2989 disparium
414 2930 601 2976 naturarum.
628 2920 664 2972 Et
688 2917 729 2973 ita
752 2931 821 2973 sunt
847 2916 928 2973 mille
944 2914 1207 2989 suppositaciones

222 3001 253 3057 in
271 3005 327 3060 hoc
343 3019 534 3060 sacramento
558 3019 586 3061 et
604 3006 661 3061 due
678 3003 948 3079 suppositacioneS,
966 3001 1080 3059 scilicet
1097 3020 1207 3077 suppo-

222 3089 328 3147 siracio
345 3109 474 3165 persone
491 3091 601 3148 Christi
627 3104 655 3148 et
672 3091 878 3165 suppositacio
901 3090 998 3147 hostie
1022 3104 1205 3156 consecrate,

181 3183 212 3233 30
222 3177 298 3234 sicut
322 3178 352 3234 in
369 3179 502 3252 qualibet
526 3193 674 3243 creatura,
699 3194 731 3235 ut
748 3193 791 3235 est
808 3178 838 3234 in
855 3178 905 3235 illa
924 3177 1043 3234 trinitas
1060 3176 1205 3244 increata,

221 3264 263 3322 sic
291 3279 334 3321 est
362 3263 393 3321 in
423 3266 471 3323 illa
500 3265 580 3323 trina
604 3267 804 3341 personalitas
828 3283 1038 3340 personarum.
1074 3265 1111 3322 Et
1135 3283 1203 3321 cum

220 3349 272 3409 illa
296 3352 495 3426 personalitas
519 3353 557 3409 sit
579 3352 796 3426 suppositacio,
826 3365 870 3409 est
893 3352 972 3409 trina
996 3350 1205 3426 suppositacio

220 3438 251 3495 in
279 3438 414 3514 qualibet
442 3452 591 3509 creatura,
620 3458 723 3497 verum
753 3453 856 3497 tamen
883 3458 945 3497 non
969 3453 1012 3496 est
1036 3438 1205 3495 formaliter

221 3524 288 3584 talis
315 3526 523 3602 suppositacio
555 3527 587 3583 in
620 3528 754 3602 qualibet
785 3540 934 3596 creatura,
968 3544 1037 3582 curn
1067 3524 1207 3599 supposi-

179 3616 209 3668 35
221 3614 300 3671 tacio
328 3613 455 3689 requirit
484 3633 540 3689 pro
568 3614 703 3671 subiecto
727 3613 943 3684 substanciam,
973 3625 1006 3669 ut
1030 3611 1204 3670 accidencia

220 3720 281 3757 non
304 3714 375 3757 sunt
398 3702 555 3776 supposita
579 3705 617 3758 ad
642 3703 721 3758 hunc
746 3720 879 3758 sensum.

262 3790 503 3862 Verumptamen
527 3789 603 3845 sicut
627 3790 736 3863 duplex
761 3803 804 3846 est
828 3787 1008 3857 subiectum,
1033 3786 1075 3844 sic
1092 3788 1203 3861 duplex
1228 3813 1288 3857 Tuo
1303 3813 1372 3856 trinus
1387 3815 1410 3856 oi

221 3873 331 3932 dicitur
363 3893 427 3931 esse
458 3875 659 3950 suppositum.
692 3875 825 3950 Aliquod
854 3875 933 3932 enim
965 3887 1009 3931 est
1032 3876 1202 3931 subiectum
1269 3866 1369 3920 ⁵⁰bi²⁰²¹

1295 3930 1310 3963 r.
1325 3919 1352 3960 of

139 4000 141 4004 ι
220 3962 488 4019 transmutationis
526 3976 555 4018 et
593 3963 717 4037 aliquod
762 3962 932 4019 subiectum
972 3961 1203 4036 predicacionis.
1224 3971 1412 4024 transmutation,

176 4068 211 4117 40
221 4049 396 4107 Subiectum
414 4049 680 4107 transmutacionis
693 4048 837 4107 dividitur
847 4051 1012 4107 secundum
1028 4048 1205 4107 divisionem
1245 4023 1397 4130 prediciiion.

273 4285 292 4330 5.
316 4288 349 4330 A:
377 4285 423 4330 isia
451 4287 537 4330 hostia.
600 4320 603 4326 .
640 4298 672 4337 ¹⁴·
690 4286 725 4329 A:
764 4285 890 4347 uia-non
908 4285 1108 4346 dimensionaliter
1130 4286 1202 4328 deest.

221 4349 299 4392 aqna.
318 4340 551 4394 Azinsepertone.
635 4349 672 4393 ²9·
692 4338 727 4380 A:
761 4340 825 4381 estre.
892 4350 930 4390 40.
955 4341 976 4381 A
992 4350 1015 4381 ru
1037 4349 1122 4392 marga
1137 4334 1200 4381 Nota

219 4418 344 4461 ‘medum
364 4392 577 4435 transmutationis.

362 4443 543 4497 predicacionis.
