3098 5130
164 482 231 525 cur.
248 468 310 550 un]
436 488 481 537 ou
501 488 738 540 uurtctuusro
760 490 822 539 tutu.
844 491 862 541 t.

163 650 240 725 quod
271 650 352 704 aliud
384 661 523 706 ostentent
547 651 709 707 horninibus
728 652 812 726 soris
834 653 915 708 aliud
939 653 1019 708 tom
1049 663 1149 729 agant,

164 755 219 791 non
243 755 298 812 quo
322 737 349 791 in
373 737 463 793 calice
485 749 512 793 et
532 738 691 813 perapside
715 756 814 795 eornm
831 740 1001 815 supersticio
1019 757 1151 795 morare-

165 836 223 894 tur,
246 824 298 880 sed
320 825 398 899 qnod
412 826 496 899 soris
519 824 681 882 hominihus
709 827 892 883 ostenderent
916 827 1098 883 sanctitatem
1124 827 1151 880 in

165 911 273 980 habitu,
297 910 326 966 in
342 929 486 982 sermone,
511 911 537 966 in
551 912 736 987 philacteriis
756 925 782 969 et
790 914 922 991 fimbriis
938 926 965 969 et
981 915 1150 971 oraciomtm

140 998 345 1076 ilongitndine
378 1011 405 1054 et
438 1000 465 1054 in
497 999 601 1055 ceteris
634 1001 826 1069 istiusmodi,
860 1001 1032 1058 intrinsecus
1055 1013 1151 1057 antem

164 1097 256 1141 essent
280 1086 420 1141 viciorum
444 1087 581 1143 sordibus
600 1087 689 1162 pleni.
716 1089 781 1145 Hoc
804 1091 992 1161 jeronymus.

207 1172 333 1229 Videtur
365 1175 447 1248 quod
481 1174 578 1230 maior
612 1192 681 1249 pars
711 1174 782 1231 cleri
807 1176 902 1232 nostri
927 1190 955 1232 et
979 1175 1152 1249 specialiter
1184 1188 1347 1248 (turmodum

164 1258 296 1334 religiosi
322 1260 459 1317 moderni
484 1260 620 1318 incidunt
644 1262 674 1317 in
699 1261 776 1318 istud
793 1264 836 1318 Vc
853 1277 966 1320 sextum
985 1282 1002 1320 a
1019 1261 1151 1323 Domino
1201 1241 1330 1335 ffliffffl'

164 1349 389 1420 prophetatum.
415 1347 490 1419 Quis
507 1366 601 1423 queso
625 1348 752 1405 istorum
777 1349 918 1407 ordinum
937 1369 999 1407 non
1023 1349 1151 1406 necessi-

124 1448 245 1490 totatur
278 1436 350 1491 dare
384 1435 529 1492 maiorem
564 1454 688 1510 operam
723 1439 761 1492 ad
785 1437 942 1494 sciendum
967 1436 1151 1494 tradiciones

165 1520 284 1578 frivolas
307 1521 353 1577 sui
378 1522 485 1596 privati
509 1523 624 1580 ordinis
648 1542 738 1598 quam
764 1526 803 1580 ad
826 1524 982 1581 sciendum
1009 1526 1151 1580 mandata

166 1608 287 1665 Domini
312 1622 340 1665 et
365 1622 433 1683 post
456 1628 560 1666 eorum
586 1610 729 1667 noticiam
755 1612 821 1684 plus
846 1630 878 1668 ex
896 1631 1000 1669 eorum
1019 1610 1151 1686 prevari-

165 1696 269 1753 cancia
302 1698 481 1770 reprobatur
509 1717 600 1772 quam
626 1716 659 1754 ex
685 1699 911 1771 prevaricancia
936 1700 1149 1756 mandatorum

165 1783 286 1838 Domini
311 1784 501 1857 culparetur?
537 1788 573 1841 Et
605 1798 702 1842 totum
739 1787 795 1842 hoc
830 1786 944 1843 indicat
980 1787 1061 1861 quod
1097 1787 1151 1842 hec

126 1869 283 1927 tinovitas
307 1884 351 1927 est
375 1871 535 1944 generacio
560 1873 697 1929 adultera
721 1872 805 1945 signa
830 1893 969 1949 querens,
994 1887 1027 1930 ut
1051 1873 1151 1947 posito

164 1959 245 2031 quod
270 1977 348 2013 unus
372 1959 441 2015 novi
467 1959 582 2015 ordinis
607 1977 640 2016 ex
665 1978 756 2016 causa
780 1980 872 2034 quam
897 1965 976 2018 Deus
1000 1963 1150 2035 approbat
1165 1977 1185 2017 Α
1198 1973 1258 2034 trias
1272 1973 1363 2030 teat-tog

165 2044 296 2101 dimittat
337 2045 473 2102 habiturn
522 2047 712 2120 corporalem
752 2060 780 2103 et
814 2050 902 2104 vadat
935 2050 972 2105 ad
1003 2048 1148 2122 populum
1173 2026 1354 2132 ὲζξάοζὲᾓζέἳζ

165 2131 343 2205 dispositum
361 2132 425 2188 sine
442 2132 551 2206 prioris
575 2133 620 2189 sui
639 2134 765 2190 licencia
789 2136 827 2190 ad
844 2135 1030 2209 evangelium
1051 2130 1370 2225 predi'iitffssiigidiriin

165 2220 305 2287 candum,
347 2219 449 2276 statim
476 2219 661 2277 iudicaretur
689 2234 826 2294 apostata
851 2236 879 2278 et
904 2221 1060 2295 puniretur
1084 2240 1148 2295 gra·
1200 2195 1347 2290 sinifredo

123 2305 239 2362 noviter
270 2308 316 2363 rel
348 2320 494 2381 perpetuo
523 2326 642 2364 carcere
678 2309 877 2364 clauderetur.
926 2312 983 2365 Sed
1018 2307 1150 2382 prevari-

165 2394 249 2450 cacio
283 2395 496 2450 mandatorum
535 2394 653 2451 Domini
688 2395 718 2450 in
752 2395 858 2451 maiori
894 2397 939 2451 vel
973 2396 1073 2469 priore
1106 2397 1151 2451 rel

167 2483 274 2537 abbate
298 2482 344 2537 vel
367 2501 422 2538 suo
442 2481 561 2537 subdito
586 2501 647 2538 non
671 2495 804 2538 curatur.
830 2484 886 2538 Sed
917 2482 968 2538 ubi
987 2483 1083 2539 ntaior
1106 2481 1151 2538 in·

168 2567 297 2625 fidelitas
322 2587 413 2642 quam
439 2570 505 2642 plus
530 2587 635 2626 curare
659 2570 696 2626 de
720 2568 822 2625 habitu
847 2569 999 2644 corporali
1023 2571 1069 2626 rel
1093 2569 1151 2625 aliu

166 2654 299 2711 sensibili
322 2655 486 2713 cerimonia
513 2675 604 2730 quam
637 2657 673 2713 de
699 2656 895 2713 observancia
922 2656 1152 2713 mandatorum?

124 2749 154 2798 25
167 2743 289 2798 Certum
315 2742 436 2817 quidem
456 2756 499 2800 est
520 2745 601 2818 quod
620 2742 781 2800 infideliter
804 2745 870 2817 plus
888 2758 994 2801 curant
1018 2746 1055 2801 de
1072 2745 1152 2800 bono

167 2829 302 2903 corporis
341 2849 432 2904 quam
472 2832 509 2886 de
542 2833 622 2887 bono
655 2830 765 2901 anime,
799 2833 866 2904 plus
890 2833 927 2888 de
956 2832 1035 2888 fama
1060 2830 1152 2887 seculi

167 2935 257 2990 quam
282 2919 318 2973 de
343 2917 544 2991 inscripcione
563 2918 625 2987 Dei,
652 2918 718 2992 plus
742 2919 779 2973 dc
804 2918 992 2992 turpitudine
1016 2918 1153 2992 corporis

166 3023 256 3078 quam
291 3006 327 3060 de
357 3004 544 3078 turpitudine
578 3005 694 3061 mentis.
735 3007 792 3061 Sed
826 3009 980 3079 quomodo
1004 3007 1152 3062 iordanes

167 3091 299 3147 converti
325 3091 435 3165 poterit
464 3094 530 3167 plus
554 3092 738 3148 retrorsum?
772 3094 809 3147 Et
833 3092 862 3148 in
891 3094 948 3150 ista
973 3094 1060 3166 culpa
1085 3106 1153 3148 sunt

123 3187 155 3235 ’ἆυ
166 3197 272 3234 omnes
295 3180 332 3235 he
355 3192 435 3235 secte
458 3193 590 3254 quatuor
614 3180 774 3236 maculate.

210 3266 414 3322 Crisostomus
452 3280 554 3323 autem
594 3286 684 3341 super
717 3267 783 3340 ipso
816 3279 896 3323 textu
929 3267 971 3323 sic
1004 3266 1150 3341 loquitur:
1178 3276 1347 3332 consonam:

172 3354 313 3421 Quoniam
338 3354 365 3408 in
389 3355 482 3429 specie
499 3354 597 3411 calicis
621 3365 647 3410 et
666 3354 834 3430 parapsidis
858 3355 986 3410 nomines
1008 3355 1152 3419 dicuntur,

168 3441 354 3516 manifestum
379 3453 421 3496 est
444 3459 482 3497 ex
506 3460 538 3498 eo
560 3443 638 3517 quod
653 3441 769 3496 addidit
792 3442 904 3497 dicens:
928 3443 970 3496 Ab
987 3442 1063 3497 intus
1079 3443 1152 3497 enim

164 3528 244 3601 pleni
265 3529 333 3583 estis
357 3529 460 3603 rapina
484 3540 511 3584 et
534 3529 690 3603 iniquitate.
722 3529 809 3585 tutet
836 3547 905 3584 vero
929 3529 1154 3604 quotiescunque

124 3620 154 3670 35
167 3614 333 3689 ingressuri
355 3627 438 3671 erant
462 3616 489 3670 in
514 3616 652 3691 templum
676 3627 725 3670 attt
748 3615 924 3693 sacrificium
950 3616 1079 3671 oblaturi
1098 3633 1154 3689 per

167 3702 227 3758 dies
244 3702 342 3776 festos
365 3721 396 3758 se
418 3703 496 3777 ipsos
519 3714 545 3759 et
570 3703 737 3759 uestimenta
753 3721 805 3758 sua
822 3714 848 3758 et
867 3702 998 3758 utensilia
1016 3703 1153 3757 lavabant

166 3800 192 3844 et
216 3808 232 3843 a
253 3788 382 3864 peccatis
405 3808 487 3845 nemo
511 3808 541 3846 se
564 3790 657 3865 ipsum
678 3791 842 3867 purgabat,
871 3808 935 3845 cunt
962 3790 1042 3845 Deus
1066 3807 1154 3863 neque

165 3876 300 3950 corporis
338 3877 512 3932 ittttndiciam
552 3877 651 3932 laudet
688 3895 777 3952 neque
816 3878 918 3933 sordes
956 3877 1152 3952 condempnet.

217 4194 237 4224 2.
253 4183 287 4224 tt:
301 4182 438 4236 parapside.
508 4181 526 4224 3.
543 4184 576 4224 A:
592 4183 656 4237 quod
669 4182 740 4225 deest.
813 4195 834 4235 7.
849 4185 870 4225 A
885 4183 907 4225 in
924 4194 1012 4235 marga
1025 4180 1153 4223 lolumnes.

167 4244 195 4276 12.
212 4236 246 4275 A:
261 4245 349 4276 earum.
426 4235 461 4276 28.
476 4235 510 4277 A:
525 4233 652 4278 lordanns.
726 4233 762 4286 34.
777 4235 811 4275 A:
826 4235 881 4277 estis
896 4235 974 4279 deest:
990 4238 1011 4276 Α
1026 4235 1048 4276 iu
1066 4246 1151 4285 marga

166 4285 330 4328 Crisostomus.
399 4285 429 4329 35.
445 4289 479 4329 A:
495 4286 605 4329 allaturi.
674 4286 707 4330 38.
723 4287 757 4329 A:
773 4286 937 4340 condempnat.

220 4430 260 4480 32.
281 4429 332 4493 Op.
352 4430 417 4493 Imp.
436 4430 452 4477 l.
472 4445 494 4478 e.
514 4446 538 4493 p.
558 4430 731 4479 ctxxxvttt
754 4431 807 4492 (cd.
827 4430 869 4478 ult.
890 4445 915 4492 p.
935 4434 1007 4494 929).
