3098 5130
206 480 274 523 ear.
294 465 397 548 cxxii]
495 487 539 535 ns
559 486 797 536 sarrcuarsro
819 486 882 536 rra.
901 487 918 535 r.

207 649 326 703 lucrum
363 666 418 720 pro
451 667 506 702 suo
531 649 693 703 commodo
726 649 778 703 sed
812 646 917 721 pocius
950 666 1005 721 pro
1029 650 1191 705 commodo

208 734 372 803 donatarii,
397 753 464 789 cum
490 734 588 808 ipsum
607 753 663 808 pro
686 753 777 790 usura
795 733 951 792 constituit
975 754 1065 809 super
1088 735 1192 792 omnia

208 824 289 878 bona
322 840 385 877 sua.
423 821 603 879 Benedictus
628 840 698 895 ergo
731 820 769 876 sit
798 821 867 878 talis
891 836 1032 879 usurator
1055 823 1105 897 qui
1131 842 1192 880 non

208 911 245 966 ad
270 908 428 983 proprium
446 908 563 965 lucrum
588 910 633 965 vel
658 912 854 966 commodum
880 908 969 983 exigit
993 929 1080 966 suum
1099 913 1193 968 dona·

184 996 319 1055 §tarium
345 1014 480 1057 usurare,
514 998 565 1053 sed
599 998 636 1053 ad
671 995 828 1070 proprium
853 997 970 1053 lucrum
994 997 1075 1054 illius
1098 1000 1192 1055 dona-

209 1083 287 1149 tarii,
313 1097 344 1138 ut
369 1083 398 1139 in
416 1083 502 1139 bonis
519 1083 649 1158 amplius
673 1083 710 1140 sit
735 1084 922 1141 habundans.
948 1086 984 1139 Et
1002 1085 1070 1142 hinc
1088 1083 1192 1142 dicunt

209 1171 397 1246 postillantes
432 1173 512 1246 quod
542 1172 596 1227 hec
629 1170 794 1245 spiritualis
822 1190 914 1228 usura
944 1184 988 1227 est
1012 1171 1097 1229 istius
1121 1191 1191 1229 con-

209 1258 338 1314 dicionis
363 1260 443 1332 quod
463 1273 506 1315 est
530 1257 640 1316 nobilis
657 1257 750 1315 animi
775 1257 925 1333 possessio
949 1278 1007 1333 que
1032 1259 1192 1316 distributa

209 1345 334 1419 suscipit
370 1345 590 1402 incrementum
630 1360 658 1402 et
700 1364 807 1402 avaros
840 1359 996 1421 tamquam
1030 1346 1192 1420 dedignata

171 1457 199 1486 m
210 1433 309 1489 reddit
334 1433 526 1506 posteriores.
561 1434 688 1490 Studeat
712 1451 784 1507 ergo
808 1433 904 1490 fidelis
929 1433 1018 1490 fidem
1044 1433 1192 1508 scripture

210 1539 294 1577 sacre
328 1522 373 1576 vel
406 1539 497 1593 opere
529 1522 574 1577 vel
598 1519 746 1589 doctrina,
786 1534 815 1577 et
840 1523 876 1577 de
900 1534 1014 1596 quanto
1038 1540 1068 1577 se
1093 1521 1191 1595 ipsum

211 1607 240 1662 in
265 1607 315 1663 illa
334 1607 539 1665 exercitaverit
564 1609 600 1664 de
625 1621 710 1665 tanto
728 1610 841 1665 habens
864 1626 969 1665 sensus
993 1607 1038 1664 sui
1062 1608 1193 1683 amplius

211 1694 266 1751 erit
291 1695 320 1750 in
346 1695 405 1751 lide
422 1695 500 1752 illius
517 1694 666 1770 scripture
689 1696 756 1771 plus
781 1694 937 1770 copiosus;
962 1708 1074 1752 etcum
1093 1695 1192 1752 omnis

210 1782 307 1838 viator
340 1783 427 1838 debet
461 1782 627 1857 practizare
660 1783 748 1839 huius
783 1801 884 1840 mense
918 1782 1102 1857 sapienciam
1132 1801 1192 1839 ser-

173 1875 300 1926 :5mone
333 1871 378 1926 vel
417 1889 519 1943 opere,
559 1871 629 1945 quia
665 1870 862 1944 spiritualiter
899 1888 1022 1945 pascere
1061 1884 1191 1927 mentem

211 1976 306 2021 suam,
341 1971 440 2030 potest
466 1957 591 2031 intelligi
620 1957 791 2032 evangelice
820 1959 902 2033 quod
931 1957 986 2014 iste
1018 1976 1121 2014 servus
1144 1976 1194 2014 ne-

211 2063 303 2118 quam
328 2044 366 2100 sit
390 2044 527 2102 literatus
550 2045 595 2101 vel
620 2045 714 2102 laicus
739 2044 789 2119 qui
815 2043 958 2119 pigrescit
983 2063 1106 2118 pascere
1130 2045 1194 2102 ani·

212 2150 291 2188 mam
317 2151 402 2188 suam
427 2134 472 2188 vel
490 2133 615 2189 fratrum
640 2131 808 2188 vivencium
826 2151 894 2188 cum
920 2131 977 2187 isto
1001 2150 1079 2204 pane
1103 2150 1193 2205 quem

212 2220 299 2274 debet
317 2237 424 2292 capere
447 2221 556 2276 dehac
582 2237 700 2287 mensa;
727 2232 754 2274 et
778 2219 821 2274 sic
846 2218 1043 2274 nummularii
1068 2232 1194 2293 possunt

170 2305 312 2361 rovocari
349 2306 451 2362 fideles
488 2305 652 2380 presbyteri
687 2305 738 2381 qui
775 2307 868 2379 legem
895 2304 1005 2362 Christi
1036 2305 1194 2379 predicant

212 2394 248 2448 de
272 2394 328 2448 hac
354 2412 466 2449 mensa.

255 2481 313 2535 Sed
348 2480 442 2536 tercio
481 2479 641 2553 diligenter
673 2481 807 2536 notanda
840 2493 883 2536 est
923 2478 1076 2536 sentencia
1105 2478 1194 2535 huius
1215 2487 1403 2583 Howwsacsrigsrure

212 2566 306 2621 saneti
342 2569 497 2640 quomodo
530 2569 584 2624 hec
624 2585 728 2623 mensa
761 2565 910 2641 scripture
942 2566 998 2623 fuit
1028 2567 1131 2624 Judeis
1163 2565 1193 2621 in
1208 2592 1404 2688 saumatingbtock

212 2654 403 2715 scandalum:
437 2668 464 2710 et
497 2653 539 2710 sic
563 2653 721 2728 probabile
753 2653 870 2710 videtur
894 2656 975 2729 quod
1005 2653 1060 2710 erit
1084 2653 1194 2711 nostris
1226 2646 1301 2690 ¹⁰¹¹¹⁸
1328 2656 1384 2687 Μ·

170 2741 420 2797 25sacerdoribus
444 2741 496 2816 qui
521 2741 704 2808 confitentur
726 2741 888 2797 verbaliter
912 2741 1068 2797 dominum
1093 2744 1193 2797 lesum

212 2827 379 2899 Christttnr;
419 2847 490 2885 nam
523 2828 592 2885 licet
625 2827 736 2885 cotidie
769 2841 900 2885 tractent
939 2828 969 2884 in
1002 2828 1059 2885 isra
1091 2846 1194 2885 mensa

212 2917 368 2987 quomodo
384 2918 469 2971 lesus
485 2915 523 2972 sit
540 2918 620 2972 Deus
644 2929 672 2972 et
697 2916 789 2972 homo
814 2915 1057 2973 indefectibiliter
1082 2917 1195 2972 docens

213 3001 367 3058 hominem
387 3004 542 3076 quomodo
555 3002 771 3060 beatitudinem
785 3002 960 3077 possidebit,
979 3015 1081 3059 tamen
1100 3004 1193 3075 legem

213 3108 296 3144 suam
335 3104 520 3163 postponunt
560 3104 589 3146 et
624 3103 755 3147 tractant
794 3108 913 3147 mensas
946 3089 1020 3147 alias
1059 3088 1196 3163 putridas

171 3185 241 3232 ‘suet
267 3179 431 3243 mardosas‚
458 3191 489 3234 ut
515 3176 600 3233 multi
626 3177 726 3234 clerici
751 3177 845 3234 eciam
871 3177 923 3251 qui
947 3177 1053 3235 dicunt
1078 3195 1108 3234 se
1133 3195 1196 3233 esse

215 3282 339 3336 magnos
364 3264 393 3320 in
411 3263 537 3321 ecclesia
562 3265 629 3339 plus
653 3264 843 3321 delectantur
859 3277 990 3322 tractare
1015 3263 1081 3320 iura
1098 3263 1197 3321 civilia
1234 3289 1386 3332 [amem

213 3364 304 3424 atque
328 3352 475 3408 canonica
504 3371 594 3425 quam
623 3351 668 3408 ius
693 3351 820 3422 Christi3
854 3366 882 3408 et
905 3351 1029 3408 indubie
1052 3352 1098 3407 vel
1123 3351 1197 3407 fides
1208 3340 1412 3436 mgssl'cssfifflfn

213 3439 361 3511 scripture
394 3452 437 3495 est
462 3439 535 3495 falsa
559 3441 605 3496 vel
628 3439 702 3496 tales
734 3453 803 3495 sunt
828 3438 1007 3513 profundius
1031 3456 1099 3494 cum
1125 3447 1262 3512 ppo-than
1277 3444 1413 3505 torlrnator

214 3525 297 3582 critis
322 3526 580 3600 condempnandi,
620 3527 726 3583 saltem
761 3525 817 3581 nisi
843 3525 974 3582 finaliter
1007 3524 1195 3597 resipiscant.
1267 3496 1354 3542 cm

172 3612 245 3668 :osi
270 3612 348 3668 enim
374 3613 441 3687 quis
477 3627 674 3687 contempnat
698 3612 830 3670 litteram
859 3613 969 3669 terreni
994 3611 1111 3669 domini
1136 3611 1197 3668 sive

214 3699 300 3772 regis,
326 3700 393 3756 talis
419 3714 555 3757 terrenus
572 3699 715 3756 dominus
731 3699 862 3773 graviter
877 3698 1005 3756 sustinet
1029 3702 1108 3755 hunc
1125 3717 1197 3756 con·

119 3788 181 3847 431⁵
214 3800 362 3860 temptum
385 3785 388 3866 l
410 3801 525 3861 quanto
543 3786 638 3861 magis
663 3801 705 3843 est
731 3788 787 3844 boc
803 3805 906 3843 verum
933 3788 968 3842 de
993 3785 1119 3843 domino
1144 3787 1196 3842 do-

215 3873 378 3943 minorum,
408 3874 581 3948 specialiter
605 3893 672 3931 cum
704 3892 757 3948 per
780 3873 869 3930 istam
895 3873 1013 3931 literam
1039 3892 1100 3929 non
1125 3891 1197 3946 que·

215 3960 252 4015 rit
286 3961 432 4017 bonorem
466 3962 511 4017 vel
544 3963 660 4018 lucrum
693 3960 860 4035 proprium,
893 3963 945 4017 sed
979 3962 1091 4016 bonum
1117 3959 1198 4016 illius

171 4048 345 4111 ‹mhominis
371 4048 417 4103 cui
443 4048 572 4121 gratuite
597 4049 675 4104 istud
701 4050 803 4104 donat.

259 4138 294 4190 Et
319 4135 348 4189 in
373 4137 476 4191 eadem
496 4135 718 4209 dampnacione
735 4135 874 4191 videntur
897 4133 953 4191 iste
976 4147 1057 4191 secte
1080 4134 1198 4191 novelle
1234 4159 1301 4202 ratae
1316 4164 1383 4200 secu.

215 4240 272 4293 que
289 4221 474 4278 dimittentes
491 4221 719 4279 ordinacionem
745 4235 773 4278 et
798 4221 932 4294 regulam
950 4240 1041 4296 quam
1060 4221 1198 4278 Christus

268 4446 286 4475 a.
303 4435 335 4475 A:
350 4435 481 4477 dorratorr'r'.
535 4445 568 4477 22.
583 4436 604 4477 Α
619 4434 642 4477 in
658 4446 744 4487 marg:
759 4444 784 4487 3.
