<?xml version="1.0" encoding="UTF-8"?>
<!DOCTYPE html PUBLIC "-//W3C//DTD XHTML 1.0 Transitional//EN"
    "http://www.w3.org/TR/xhtml1/DTD/xhtml1-transitional.dtd">
<html xmlns="http://www.w3.org/1999/xhtml" xml:lang="en" lang="en">
 <head>
  <title>
</title>
<meta http-equiv="Content-Type" content="text/html;charset=utf-8" />
  <meta name='ocr-system' content='tesseract 3.04.00' />
  <meta name='ocr-capabilities' content='ocr_page ocr_carea ocr_par ocr_line ocrx_word'/>
</head>
<body>
  <div class='ocr_page' id='page_1' title='image "./iohanniswyclifo01wyclgoog_0171.png"; bbox 0 0 3098 5130; ppageno 0'>
   <div class='ocr_carea' id='block_1_1' title="bbox 567 454 1333 537">
    <p class='ocr_par' dir='ltr' id='par_1_1' title="bbox 567 454 1333 537">
     <span class='ocr_line' id='line_1_1' title="bbox 567 454 1333 537; baseline -0.005 -17"><span class='ocrx_word' id='word_1_1' title='bbox 567 473 657 521; x_wconf 78' lang='lat' dir='ltr'>orus</span> <span class='ocrx_word' id='word_1_2' title='bbox 676 472 928 521; x_wconf 69' lang='lat' dir='ltr'>Et&#39;atvoltttctttt</span> <span class='ocrx_word' id='word_1_3' title='bbox 949 471 1012 521; x_wconf 80' lang='lat' dir='ltr'>tta.</span> <span class='ocrx_word' id='word_1_4' title='bbox 1032 472 1073 521; x_wconf 91' lang='grc' dir='ltr'>ιιι.</span> <span class='ocrx_word' id='word_1_5' title='bbox 1120 454 1203 537; x_wconf 74' lang='lat' dir='ltr'>[cav-</span> <span class='ocrx_word' id='word_1_6' title='bbox 1219 467 1333 511; x_wconf 71' lang='lat' dir='ltr'>xxxvi.</span> 
     </span>
    </p>
   </div>
   <div class='ocr_carea' id='block_1_2' title="bbox 128 631 1422 4283">
    <p class='ocr_par' dir='ltr' id='par_1_2' title="bbox 337 631 1356 1147">
     <span class='ocr_line' id='line_1_2' title="bbox 338 631 1331 708; baseline -0.001 -18"><span class='ocrx_word' id='word_1_7' title='bbox 338 634 563 706; x_wconf 82' lang='lat' dir='ltr'>cognoscenda.</span> <span class='ocrx_word' id='word_1_8' title='bbox 607 633 694 689; x_wconf 89' lang='lat' dir='ltr'>Unde</span> <span class='ocrx_word' id='word_1_9' title='bbox 733 631 776 689; x_wconf 88' lang='lat' dir='ltr'>sic</span> <span class='ocrx_word' id='word_1_10' title='bbox 818 633 948 708; x_wconf 81' lang='lat' dir='ltr'>legimus</span> <span class='ocrx_word' id='word_1_11' title='bbox 990 632 1021 689; x_wconf 89' lang='lat' dir='ltr'>in</span> <span class='ocrx_word' id='word_1_12' title='bbox 1059 634 1193 707; x_wconf 87' lang='lat' dir='ltr'>quodam</span> <span class='ocrx_word' id='word_1_13' title='bbox 1233 650 1331 707; x_wconf 92' lang='lat' dir='ltr'>opere</span> 
     </span>
     <span class='ocr_line' id='line_1_3' title="bbox 339 718 1330 795; baseline 0 -18"><span class='ocrx_word' id='word_1_14' title='bbox 339 718 519 794; x_wconf 82' lang='lat' dir='ltr'>magistrali:</span> <span class='ocrx_word' id='word_1_15' title='bbox 554 719 637 776; x_wconf 81' lang='lat' dir='ltr'>Licet</span> <span class='ocrx_word' id='word_1_16' title='bbox 670 735 770 777; x_wconf 90' lang='lat' dir='ltr'>autem</span> <span class='ocrx_word' id='word_1_17' title='bbox 804 733 900 777; x_wconf 88' lang='lat' dir='ltr'>textus</span> <span class='ocrx_word' id='word_1_18' title='bbox 934 720 989 777; x_wconf 90' lang='lat' dir='ltr'>iste</span> <span class='ocrx_word' id='word_1_19' title='bbox 1022 718 1169 795; x_wconf 82' lang='lat' dir='ltr'>evangelii</span> <span class='ocrx_word' id='word_1_20' title='bbox 1201 720 1240 776; x_wconf 85' lang='lat' dir='ltr'>ab</span> <span class='ocrx_word' id='word_1_21' title='bbox 1271 738 1330 777; x_wconf 88' lang='lat' dir='ltr'>usu</span> 
     </span>
     <span class='ocr_line' id='line_1_4' title="bbox 338 805 1331 877; baseline -0.002 -12"><span class='ocrx_word' id='word_1_22' title='bbox 338 805 463 865; x_wconf 83' lang='lat' dir='ltr'>ecclesie</span> <span class='ocrx_word' id='word_1_23' title='bbox 493 824 526 862; x_wconf 86' lang='lat' dir='ltr'>ex</span> <span class='ocrx_word' id='word_1_24' title='bbox 551 808 670 864; x_wconf 90' lang='lat' dir='ltr'>cautela</span> <span class='ocrx_word' id='word_1_25' title='bbox 694 807 808 865; x_wconf 90' lang='lat' dir='ltr'>diaboli</span> <span class='ocrx_word' id='word_1_26' title='bbox 836 807 873 864; x_wconf 87' lang='lat' dir='ltr'>sit</span> <span class='ocrx_word' id='word_1_27' title='bbox 901 807 1048 877; x_wconf 67' lang='lat' dir='ltr'>sublatus</span> <span class='ocrx_word' id='word_1_28' title='bbox 1078 821 1182 865; x_wconf 90' lang='lat' dir='ltr'>tamen</span> <span class='ocrx_word' id='word_1_29' title='bbox 1206 806 1331 864; x_wconf 89' lang='lat' dir='ltr'>indubi-</span> 
     </span>
     <span class='ocr_line' id='line_1_5' title="bbox 338 893 1329 966; baseline 0 -15"><span class='ocrx_word' id='word_1_30' title='bbox 338 908 438 951; x_wconf 89' lang='lat' dir='ltr'>tanter</span> <span class='ocrx_word' id='word_1_31' title='bbox 454 893 518 950; x_wconf 90' lang='lat' dir='ltr'>eius</span> <span class='ocrx_word' id='word_1_32' title='bbox 534 912 641 951; x_wconf 90' lang='lat' dir='ltr'>sensus</span> <span class='ocrx_word' id='word_1_33' title='bbox 657 914 675 953; x_wconf 89' lang='lat' dir='ltr'>a</span> <span class='ocrx_word' id='word_1_34' title='bbox 692 894 831 951; x_wconf 87' lang='lat' dir='ltr'>fidelibus</span> <span class='ocrx_word' id='word_1_35' title='bbox 848 909 893 952; x_wconf 92' lang='lat' dir='ltr'>est</span> <span class='ocrx_word' id='word_1_36' title='bbox 913 896 1077 966; x_wconf 88' lang='lat' dir='ltr'>notandus,</span> <span class='ocrx_word' id='word_1_37' title='bbox 1102 912 1169 951; x_wconf 89' lang='lat' dir='ltr'>cum</span> <span class='ocrx_word' id='word_1_38' title='bbox 1187 894 1329 952; x_wconf 89' lang='lat' dir='ltr'>Christus</span> 
     </span>
     <span class='ocr_line' id='line_1_6' title="bbox 337 980 1356 1057; baseline 0 -18"><span class='ocrx_word' id='word_1_39' title='bbox 337 999 455 1039; x_wconf 90' lang='lat' dir='ltr'>summe</span> <span class='ocrx_word' id='word_1_40' title='bbox 488 980 607 1055; x_wconf 89' lang='lat' dir='ltr'>sapiens</span> <span class='ocrx_word' id='word_1_41' title='bbox 640 996 669 1039; x_wconf 96' lang='lat' dir='ltr'>et</span> <span class='ocrx_word' id='word_1_42' title='bbox 697 1001 816 1040; x_wconf 89' lang='lat' dir='ltr'>summe</span> <span class='ocrx_word' id='word_1_43' title='bbox 844 983 1005 1039; x_wconf 88' lang='lat' dir='ltr'>benevolus</span> <span class='ocrx_word' id='word_1_44' title='bbox 1032 1000 1085 1039; x_wconf 89' lang='lat' dir='ltr'>sue</span> <span class='ocrx_word' id='word_1_45' title='bbox 1112 981 1239 1039; x_wconf 80' lang='lat' dir='ltr'>ecclesie</span> <span class='ocrx_word' id='word_1_46' title='bbox 1269 981 1356 1057; x_wconf 72' lang='lat' dir='ltr'>ipsii</span> 
     </span>
     <span class='ocr_line' id='line_1_7' title="bbox 340 1070 837 1147; baseline -0.002 -21"><span class='ocrx_word' id='word_1_47' title='bbox 340 1070 478 1126; x_wconf 90' lang='lat' dir='ltr'>mandat:</span> <span class='ocrx_word' id='word_1_48' title='bbox 507 1070 566 1137; x_wconf 78' lang='lat' dir='ltr'>Qui</span> <span class='ocrx_word' id='word_1_49' title='bbox 587 1070 659 1147; x_wconf 78' lang='lat' dir='ltr'>legit</span> <span class='ocrx_word' id='word_1_50' title='bbox 682 1070 837 1147; x_wconf 83' lang='lat' dir='ltr'>intelligat.</span> 
     </span>
    </p>

    <p class='ocr_par' dir='ltr' id='par_1_3' title="bbox 133 1154 1327 1264">
     <span class='ocr_line' id='line_1_8' title="bbox 133 1154 1327 1264; baseline -0.001 -51"><span class='ocrx_word' id='word_1_51' title='bbox 133 1171 153 1213; x_wconf 83' lang='grc' dir='ltr'>ιι</span> <span class='ocrx_word' id='word_1_52' title='bbox 168 1169 315 1264; x_wconf 59' lang='lat' dir='ltr'>taprobane</span> <span class='ocrx_word' id='word_1_53' title='bbox 382 1159 424 1212; x_wconf 89' lang='lat' dir='ltr'>Ex</span> <span class='ocrx_word' id='word_1_54' title='bbox 447 1174 508 1230; x_wconf 91' lang='lat' dir='ltr'>quo</span> <span class='ocrx_word' id='word_1_55' title='bbox 531 1156 651 1213; x_wconf 90' lang='lat' dir='ltr'>videtur</span> <span class='ocrx_word' id='word_1_56' title='bbox 675 1159 757 1232; x_wconf 92' lang='lat' dir='ltr'>quod</span> <span class='ocrx_word' id='word_1_57' title='bbox 779 1156 917 1213; x_wconf 90' lang='lat' dir='ltr'>Christus</span> <span class='ocrx_word' id='word_1_58' title='bbox 941 1156 1038 1214; x_wconf 84' lang='lat' dir='ltr'>innuit</span> <span class='ocrx_word' id='word_1_59' title='bbox 1064 1156 1152 1213; x_wconf 89' lang='lat' dir='ltr'>huius</span> <span class='ocrx_word' id='word_1_60' title='bbox 1177 1154 1327 1230; x_wconf 82' lang='lat' dir='ltr'>evangelii</span> 
     </span>
    </p>

    <p class='ocr_par' dir='ltr' id='par_1_4' title="bbox 128 1225 1422 1333">
     <span class='ocr_line' id='line_1_9' title="bbox 128 1225 1422 1333; baseline -0.001 -33"><span class='ocrx_word' id='word_1_61' title='bbox 128 1225 504 1327; x_wconf 49' lang='lat' dir='ltr'>s&#39;ss‘stssmssffo‘ssffileccionem</span> <span class='ocrx_word' id='word_1_62' title='bbox 538 1256 566 1300; x_wconf 90' lang='lat' dir='ltr'>et</span> <span class='ocrx_word' id='word_1_63' title='bbox 596 1246 721 1301; x_wconf 89' lang='lat' dir='ltr'>mandat</span> <span class='ocrx_word' id='word_1_64' title='bbox 749 1244 813 1301; x_wconf 91' lang='lat' dir='ltr'>eius</span> <span class='ocrx_word' id='word_1_65' title='bbox 832 1237 838 1326; x_wconf 87' lang='grc' dir='ltr'>Ι</span> <span class='ocrx_word' id='word_1_66' title='bbox 858 1244 1112 1305; x_wconf 87' lang='lat' dir='ltr'>intelleccionem.</span> <span class='ocrx_word' id='word_1_67' title='bbox 1145 1243 1221 1314; x_wconf 90' lang='lat' dir='ltr'>Quis</span> <span class='ocrx_word' id='word_1_68' title='bbox 1253 1261 1327 1318; x_wconf 81' lang='lat' dir='ltr'>ergo</span> <span class='ocrx_word' id='word_1_69' title='bbox 1355 1267 1422 1333; x_wconf 66' lang='lat'>413·</span> 
     </span>
    </p>

    <p class='ocr_par' dir='ltr' id='par_1_5' title="bbox 193 1328 1327 1389">
     <span class='ocr_line' id='line_1_10' title="bbox 193 1328 1327 1389; baseline -0.002 -1"><span class='ocrx_word' id='word_1_70' title='bbox 193 1328 262 1381; x_wconf 48' lang='lat'><strong>¹³⁰⁹*</strong></span> <span class='ocrx_word' id='word_1_71' title='bbox 339 1330 435 1388; x_wconf 86' lang='lat' dir='ltr'>fidelis</span> <span class='ocrx_word' id='word_1_72' title='bbox 463 1329 618 1387; x_wconf 93' lang='lat' dir='ltr'>omitteret</span> <span class='ocrx_word' id='word_1_73' title='bbox 646 1331 735 1388; x_wconf 90' lang='lat' dir='ltr'>istam</span> <span class='ocrx_word' id='word_1_74' title='bbox 765 1330 834 1388; x_wconf 90' lang='lat' dir='ltr'>talis</span> <span class='ocrx_word' id='word_1_75' title='bbox 864 1331 999 1389; x_wconf 89' lang='lat' dir='ltr'>mandati</span> <span class='ocrx_word' id='word_1_76' title='bbox 1028 1330 1105 1388; x_wconf 89' lang='lat' dir='ltr'>tanti</span> <span class='ocrx_word' id='word_1_77' title='bbox 1129 1329 1246 1388; x_wconf 91' lang='lat' dir='ltr'>domini</span> <span class='ocrx_word' id='word_1_78' title='bbox 1271 1328 1327 1386; x_wconf 94' lang='lat' dir='ltr'>im-</span> 
     </span>
    </p>

    <p class='ocr_par' dir='ltr' id='par_1_6' title="bbox 339 1417 1376 3828">
     <span class='ocr_line' id='line_1_11' title="bbox 339 1417 1374 1493; baseline 0.002 -19"><span class='ocrx_word' id='word_1_79' title='bbox 339 1417 532 1492; x_wconf 79' lang='lat' dir='ltr'>pleeionem?</span> <span class='ocrx_word' id='word_1_80' title='bbox 556 1419 627 1476; x_wconf 90' lang='lat' dir='ltr'>ldeo</span> <span class='ocrx_word' id='word_1_81' title='bbox 652 1437 720 1475; x_wconf 92' lang='lat' dir='ltr'>cum</span> <span class='ocrx_word' id='word_1_82' title='bbox 739 1418 963 1493; x_wconf 86' lang='lat' dir='ltr'>protestacione</span> <span class='ocrx_word' id='word_1_83' title='bbox 988 1418 1138 1493; x_wconf 86' lang='lat' dir='ltr'>premissa</span> <span class='ocrx_word' id='word_1_84' title='bbox 1161 1417 1235 1475; x_wconf 91' lang='lat' dir='ltr'>dicit</span> <span class='ocrx_word' id='word_1_85' title='bbox 1257 1435 1328 1492; x_wconf 90' lang='lat' dir='ltr'>pre·</span> <span class='ocrx_word' id='word_1_86' title='bbox 1342 1442 1374 1476; x_wconf 91' lang='grc' dir='ltr'>ιο</span> 
     </span>
     <span class='ocr_line' id='line_1_12' title="bbox 339 1503 1327 1581; baseline -0.002 -19"><span class='ocrx_word' id='word_1_87' title='bbox 339 1504 437 1562; x_wconf 91' lang='lat' dir='ltr'>dictus</span> <span class='ocrx_word' id='word_1_88' title='bbox 470 1504 566 1561; x_wconf 87' lang='lat' dir='ltr'>fidelis</span> <span class='ocrx_word' id='word_1_89' title='bbox 600 1520 757 1581; x_wconf 81' lang='lat' dir='ltr'>tamquam</span> <span class='ocrx_word' id='word_1_90' title='bbox 791 1506 847 1562; x_wconf 86' lang='lat' dir='ltr'>sibi</span> <span class='ocrx_word' id='word_1_91' title='bbox 881 1505 1039 1580; x_wconf 84' lang='lat' dir='ltr'>probabile</span> <span class='ocrx_word' id='word_1_92' title='bbox 1071 1507 1154 1580; x_wconf 90' lang='lat' dir='ltr'>quod</span> <span class='ocrx_word' id='word_1_93' title='bbox 1187 1503 1327 1562; x_wconf 89' lang='lat' dir='ltr'>Christus</span> 
     </span>
     <span class='ocr_line' id='line_1_13' title="bbox 339 1590 1327 1669; baseline 0.001 -21"><span class='ocrx_word' id='word_1_94' title='bbox 339 1590 479 1665; x_wconf 85' lang='lat' dir='ltr'>intelligit</span> <span class='ocrx_word' id='word_1_95' title='bbox 517 1610 571 1667; x_wconf 88' lang='lat' dir='ltr'>per</span> <span class='ocrx_word' id='word_1_96' title='bbox 599 1594 653 1649; x_wconf 90' lang='lat' dir='ltr'>hec</span> <span class='ocrx_word' id='word_1_97' title='bbox 686 1595 777 1650; x_wconf 92' lang='lat' dir='ltr'>verba</span> <span class='ocrx_word' id='word_1_98' title='bbox 807 1611 917 1669; x_wconf 86' lang='lat' dir='ltr'>papam</span> <span class='ocrx_word' id='word_1_99' title='bbox 947 1593 1008 1650; x_wconf 91' lang='lat' dir='ltr'>sive</span> <span class='ocrx_word' id='word_1_100' title='bbox 1032 1595 1201 1651; x_wconf 85' lang='lat' dir='ltr'>Romanum</span> <span class='ocrx_word' id='word_1_101' title='bbox 1226 1590 1327 1666; x_wconf 92' lang='lat' dir='ltr'>ponti·</span> 
     </span>
     <span class='ocr_line' id='line_1_14' title="bbox 340 1678 1325 1753; baseline -0.002 -17"><span class='ocrx_word' id='word_1_102' title='bbox 340 1680 443 1736; x_wconf 87' lang='lat' dir='ltr'>ficem:</span> <span class='ocrx_word' id='word_1_103' title='bbox 480 1678 543 1753; x_wconf 93' lang='lat' dir='ltr'>ipse</span> <span class='ocrx_word' id='word_1_104' title='bbox 572 1679 651 1736; x_wconf 90' lang='lat' dir='ltr'>enim</span> <span class='ocrx_word' id='word_1_105' title='bbox 683 1694 726 1737; x_wconf 92' lang='lat' dir='ltr'>est</span> <span class='ocrx_word' id='word_1_106' title='bbox 750 1681 834 1737; x_wconf 82' lang='lat' dir='ltr'>radix</span> <span class='ocrx_word' id='word_1_107' title='bbox 858 1680 955 1737; x_wconf 89' lang='lat' dir='ltr'>tocius</span> <span class='ocrx_word' id='word_1_108' title='bbox 980 1679 1068 1737; x_wconf 88' lang='lat' dir='ltr'>huius</span> <span class='ocrx_word' id='word_1_109' title='bbox 1093 1679 1222 1750; x_wconf 86' lang='lat' dir='ltr'>malicie,</span> <span class='ocrx_word' id='word_1_110' title='bbox 1256 1697 1325 1736; x_wconf 88' lang='lat' dir='ltr'>cum</span> 
     </span>
     <span class='ocr_line' id='line_1_15' title="bbox 340 1765 1327 1842; baseline 0 -20"><span class='ocrx_word' id='word_1_111' title='bbox 340 1765 516 1823; x_wconf 82' lang='lat' dir='ltr'>mendacius</span> <span class='ocrx_word' id='word_1_112' title='bbox 544 1785 561 1823; x_wconf 89' lang='lat' dir='ltr'>a</span> <span class='ocrx_word' id='word_1_113' title='bbox 589 1769 711 1841; x_wconf 83' lang='lat' dir='ltr'>sequela</span> <span class='ocrx_word' id='word_1_114' title='bbox 735 1767 848 1825; x_wconf 88' lang='lat' dir='ltr'>Christi</span> <span class='ocrx_word' id='word_1_115' title='bbox 877 1770 1053 1842; x_wconf 82' lang='lat' dir='ltr'>degenerat3</span> <span class='ocrx_word' id='word_1_116' title='bbox 1089 1767 1152 1842; x_wconf 89' lang='lat' dir='ltr'>ipse</span> <span class='ocrx_word' id='word_1_117' title='bbox 1177 1766 1256 1824; x_wconf 91' lang='lat' dir='ltr'>enim</span> <span class='ocrx_word' id='word_1_118' title='bbox 1282 1779 1327 1824; x_wconf 89' lang='lat' dir='ltr'>est</span> 
     </span>
     <span class='ocr_line' id='line_1_16' title="bbox 340 1853 1371 1923; baseline 0.003 -13"><span class='ocrx_word' id='word_1_119' title='bbox 340 1853 555 1910; x_wconf 88' lang='lat' dir='ltr'>abhominaeio</span> <span class='ocrx_word' id='word_1_120' title='bbox 589 1854 791 1913; x_wconf 86' lang='lat' dir='ltr'>desolacionis</span> <span class='ocrx_word' id='word_1_121' title='bbox 826 1855 857 1911; x_wconf 92' lang='lat' dir='ltr'>in</span> <span class='ocrx_word' id='word_1_122' title='bbox 891 1858 1055 1923; x_wconf 89' lang='lat' dir='ltr'>abstracto,</span> <span class='ocrx_word' id='word_1_123' title='bbox 1095 1873 1163 1912; x_wconf 90' lang='lat' dir='ltr'>cum</span> <span class='ocrx_word' id='word_1_124' title='bbox 1203 1872 1238 1911; x_wconf 87' lang='lat' dir='ltr'>ex</span> <span class='ocrx_word' id='word_1_125' title='bbox 1271 1862 1371 1913; x_wconf 83' lang='lat' dir='ltr'>suai5</span> 
     </span>
     <span class='ocr_line' id='line_1_17' title="bbox 340 1940 1325 2017; baseline -0.001 -19"><span class='ocrx_word' id='word_1_126' title='bbox 340 1940 466 2015; x_wconf 87' lang='lat' dir='ltr'>antiqua</span> <span class='ocrx_word' id='word_1_127' title='bbox 490 1941 612 1998; x_wconf 88' lang='lat' dir='ltr'>malicia</span> <span class='ocrx_word' id='word_1_128' title='bbox 635 1942 673 1997; x_wconf 91' lang='lat' dir='ltr'>sit</span> <span class='ocrx_word' id='word_1_129' title='bbox 697 1943 727 1999; x_wconf 92' lang='lat' dir='ltr'>in</span> <span class='ocrx_word' id='word_1_130' title='bbox 752 1942 980 2017; x_wconf 85' lang='lat' dir='ltr'>perversitatem</span> <span class='ocrx_word' id='word_1_131' title='bbox 1011 1941 1125 1999; x_wconf 91' lang='lat' dir='ltr'>diaboli</span> <span class='ocrx_word' id='word_1_132' title='bbox 1149 1941 1325 1998; x_wconf 89' lang='lat' dir='ltr'>induratus:</span> 
     </span>
     <span class='ocr_line' id='line_1_18' title="bbox 340 2029 1327 2104; baseline 0 -20"><span class='ocrx_word' id='word_1_133' title='bbox 340 2041 384 2085; x_wconf 90' lang='lat' dir='ltr'>est</span> <span class='ocrx_word' id='word_1_134' title='bbox 416 2040 517 2084; x_wconf 89' lang='lat' dir='ltr'>autem</span> <span class='ocrx_word' id='word_1_135' title='bbox 553 2029 778 2099; x_wconf 89' lang='lat' dir='ltr'>abhominacio‚</span> <span class='ocrx_word' id='word_1_136' title='bbox 817 2029 889 2104; x_wconf 88' lang='lat' dir='ltr'>quia</span> <span class='ocrx_word' id='word_1_137' title='bbox 922 2029 999 2086; x_wconf 88' lang='lat' dir='ltr'>sicut</span> <span class='ocrx_word' id='word_1_138' title='bbox 1036 2029 1146 2086; x_wconf 87' lang='lat' dir='ltr'>veritas</span> <span class='ocrx_word' id='word_1_139' title='bbox 1184 2047 1243 2104; x_wconf 92' lang='lat' dir='ltr'>que</span> <span class='ocrx_word' id='word_1_140' title='bbox 1282 2042 1327 2086; x_wconf 91' lang='lat' dir='ltr'>est</span> 
     </span>
     <span class='ocr_line' id='line_1_19' title="bbox 341 2112 1327 2191; baseline 0.001 -20"><span class='ocrx_word' id='word_1_141' title='bbox 341 2112 508 2189; x_wconf 92' lang='lat' dir='ltr'>adequacio</span> <span class='ocrx_word' id='word_1_142' title='bbox 539 2115 581 2172; x_wconf 92' lang='lat' dir='ltr'>rei</span> <span class='ocrx_word' id='word_1_143' title='bbox 610 2117 648 2172; x_wconf 93' lang='lat' dir='ltr'>ad</span> <span class='ocrx_word' id='word_1_144' title='bbox 678 2116 810 2191; x_wconf 89' lang='lat' dir='ltr'>primum</span> <span class='ocrx_word' id='word_1_145' title='bbox 834 2116 1019 2174; x_wconf 88' lang='lat' dir='ltr'>intellectum</span> <span class='ocrx_word' id='word_1_146' title='bbox 1045 2130 1088 2173; x_wconf 89' lang='lat' dir='ltr'>est</span> <span class='ocrx_word' id='word_1_147' title='bbox 1111 2134 1230 2173; x_wconf 88' lang='lat' dir='ltr'>summe</span> <span class='ocrx_word' id='word_1_148' title='bbox 1254 2134 1327 2172; x_wconf 88' lang='lat' dir='ltr'>con·</span> 
     </span>
     <span class='ocr_line' id='line_1_20' title="bbox 340 2201 1327 2278; baseline -0.001 -19"><span class='ocrx_word' id='word_1_149' title='bbox 340 2201 486 2270; x_wconf 88' lang='lat' dir='ltr'>solabilis,</span> <span class='ocrx_word' id='word_1_150' title='bbox 511 2201 554 2258; x_wconf 90' lang='lat' dir='ltr'>sic</span> <span class='ocrx_word' id='word_1_151' title='bbox 572 2203 763 2260; x_wconf 89' lang='lat' dir='ltr'>mendacium</span> <span class='ocrx_word' id='word_1_152' title='bbox 781 2223 872 2278; x_wconf 90' lang='lat' dir='ltr'>super</span> <span class='ocrx_word' id='word_1_153' title='bbox 889 2206 994 2261; x_wconf 89' lang='lat' dir='ltr'>eadem</span> <span class='ocrx_word' id='word_1_154' title='bbox 1012 2202 1138 2260; x_wconf 93' lang='lat' dir='ltr'>veritate</span> <span class='ocrx_word' id='word_1_155' title='bbox 1154 2203 1184 2261; x_wconf 91' lang='lat' dir='ltr'>in</span> <span class='ocrx_word' id='word_1_156' title='bbox 1202 2202 1327 2260; x_wconf 89' lang='lat' dir='ltr'>homine</span> 
     </span>
     <span class='ocr_line' id='line_1_21' title="bbox 341 2290 1374 2363; baseline 0.001 -17"><span class='ocrx_word' id='word_1_157' title='bbox 341 2290 473 2363; x_wconf 87' lang='lat' dir='ltr'>lingente</span> <span class='ocrx_word' id='word_1_158' title='bbox 501 2307 532 2345; x_wconf 91' lang='lat' dir='ltr'>se</span> <span class='ocrx_word' id='word_1_159' title='bbox 561 2307 624 2346; x_wconf 90' lang='lat' dir='ltr'>esse</span> <span class='ocrx_word' id='word_1_160' title='bbox 653 2309 807 2346; x_wconf 89' lang='lat' dir='ltr'>summum</span> <span class='ocrx_word' id='word_1_161' title='bbox 833 2291 946 2347; x_wconf 90' lang='lat' dir='ltr'>Christi</span> <span class='ocrx_word' id='word_1_162' title='bbox 975 2290 1122 2356; x_wconf 82' lang='lat' dir='ltr'>vicarium</span> <span class='ocrx_word' id='word_1_163' title='bbox 1147 2292 1258 2347; x_wconf 88' lang='lat' dir='ltr'>nedum</span> <span class='ocrx_word' id='word_1_164' title='bbox 1284 2303 1329 2346; x_wconf 90' lang='lat' dir='ltr'>est</span> <span class='ocrx_word' id='word_1_165' title='bbox 1340 2314 1374 2349; x_wconf 86' lang='lat'>20</span> 
     </span>
     <span class='ocr_line' id='line_1_22' title="bbox 341 2375 1329 2435; baseline -0.002 -1"><span class='ocrx_word' id='word_1_166' title='bbox 341 2395 460 2434; x_wconf 87' lang='lat' dir='ltr'>summe</span> <span class='ocrx_word' id='word_1_167' title='bbox 484 2375 710 2434; x_wconf 88' lang='lat' dir='ltr'>abhominabile</span> <span class='ocrx_word' id='word_1_168' title='bbox 734 2379 785 2434; x_wconf 91' lang='lat' dir='ltr'>sed</span> <span class='ocrx_word' id='word_1_169' title='bbox 811 2377 1023 2435; x_wconf 89' lang='lat' dir='ltr'>abhominacio</span> <span class='ocrx_word' id='word_1_170' title='bbox 1047 2377 1077 2434; x_wconf 93' lang='lat' dir='ltr'>in</span> <span class='ocrx_word' id='word_1_171' title='bbox 1102 2379 1266 2435; x_wconf 90' lang='lat' dir='ltr'>abstracto.</span> <span class='ocrx_word' id='word_1_172' title='bbox 1291 2378 1329 2432; x_wconf 86' lang='lat' dir='ltr'>Et</span> 
     </span>
     <span class='ocr_line' id='line_1_23' title="bbox 342 2462 1329 2540; baseline -0.001 -19"><span class='ocrx_word' id='word_1_173' title='bbox 342 2464 414 2539; x_wconf 91' lang='lat' dir='ltr'>quid</span> <span class='ocrx_word' id='word_1_174' title='bbox 443 2476 542 2539; x_wconf 91' lang='lat' dir='ltr'>potest</span> <span class='ocrx_word' id='word_1_175' title='bbox 572 2482 636 2522; x_wconf 91' lang='lat' dir='ltr'>esse</span> <span class='ocrx_word' id='word_1_176' title='bbox 664 2464 857 2521; x_wconf 90' lang='lat' dir='ltr'>desolabilius</span> <span class='ocrx_word' id='word_1_177' title='bbox 892 2463 1008 2522; x_wconf 90' lang='lat' dir='ltr'>miseris</span> <span class='ocrx_word' id='word_1_178' title='bbox 1036 2465 1102 2522; x_wconf 88' lang='lat' dir='ltr'>sine</span> <span class='ocrx_word' id='word_1_179' title='bbox 1135 2462 1329 2540; x_wconf 92' lang='lat' dir='ltr'>proteccione</span> 
     </span>
     <span class='ocr_line' id='line_1_24' title="bbox 341 2551 1329 2628; baseline 0 -21"><span class='ocrx_word' id='word_1_180' title='bbox 341 2551 492 2608; x_wconf 87' lang='lat' dir='ltr'>viantibus</span> <span class='ocrx_word' id='word_1_181' title='bbox 524 2570 615 2625; x_wconf 89' lang='lat' dir='ltr'>quam</span> <span class='ocrx_word' id='word_1_182' title='bbox 651 2551 751 2608; x_wconf 86' lang='lat' dir='ltr'>videre</span> <span class='ocrx_word' id='word_1_183' title='bbox 784 2554 844 2609; x_wconf 87' lang='lat' dir='ltr'>tale</span> <span class='ocrx_word' id='word_1_184' title='bbox 878 2567 969 2628; x_wconf 89' lang='lat' dir='ltr'>eaput</span> <span class='ocrx_word' id='word_1_185' title='bbox 1002 2552 1123 2626; x_wconf 89' lang='lat' dir='ltr'>dyaboli</span> <span class='ocrx_word' id='word_1_186' title='bbox 1156 2551 1257 2608; x_wconf 87' lang='lat' dir='ltr'>dicere</span> <span class='ocrx_word' id='word_1_187' title='bbox 1297 2567 1329 2607; x_wconf 90' lang='lat' dir='ltr'>se</span> 
     </span>
     <span class='ocr_line' id='line_1_25' title="bbox 343 2637 1329 2713; baseline -0.002 -18"><span class='ocrx_word' id='word_1_188' title='bbox 343 2656 406 2695; x_wconf 90' lang='lat' dir='ltr'>esse</span> <span class='ocrx_word' id='word_1_189' title='bbox 429 2637 540 2695; x_wconf 82' lang='lat' dir='ltr'>vicarie</span> <span class='ocrx_word' id='word_1_190' title='bbox 565 2653 656 2713; x_wconf 90' lang='lat' dir='ltr'>caput</span> <span class='ocrx_word' id='word_1_191' title='bbox 674 2642 755 2713; x_wconf 90' lang='lat' dir='ltr'>quod</span> <span class='ocrx_word' id='word_1_192' title='bbox 774 2640 911 2697; x_wconf 88' lang='lat' dir='ltr'>Christus</span> <span class='ocrx_word' id='word_1_193' title='bbox 936 2654 980 2696; x_wconf 90' lang='lat' dir='ltr'>est</span> <span class='ocrx_word' id='word_1_194' title='bbox 1003 2657 1120 2696; x_wconf 88' lang='lat' dir='ltr'>summe</span> <span class='ocrx_word' id='word_1_195' title='bbox 1144 2637 1329 2695; x_wconf 88' lang='lat' dir='ltr'>consolabile</span> 
     </span>
     <span class='ocr_line' id='line_1_26' title="bbox 343 2724 1374 2801; baseline 0.005 -21"><span class='ocrx_word' id='word_1_196' title='bbox 343 2725 529 2781; x_wconf 86' lang='lat' dir='ltr'>mendaciter</span> <span class='ocrx_word' id='word_1_197' title='bbox 567 2725 788 2800; x_wconf 78' lang='lat' dir='ltr'>confingendo?</span> <span class='ocrx_word' id='word_1_198' title='bbox 826 2730 892 2784; x_wconf 89' lang='lat' dir='ltr'>lloc</span> <span class='ocrx_word' id='word_1_199' title='bbox 930 2747 1000 2801; x_wconf 79' lang='lat' dir='ltr'>ergo</span> <span class='ocrx_word' id='word_1_200' title='bbox 1032 2740 1076 2783; x_wconf 88' lang='lat' dir='ltr'>est</span> <span class='ocrx_word' id='word_1_201' title='bbox 1113 2724 1374 2800; x_wconf 70' lang='lat' dir='ltr'>abhominacioai</span> 
     </span>
     <span class='ocr_line' id='line_1_27' title="bbox 343 2811 1329 2888; baseline 0.001 -21"><span class='ocrx_word' id='word_1_202' title='bbox 343 2811 542 2869; x_wconf 88' lang='lat' dir='ltr'>desolacionis</span> <span class='ocrx_word' id='word_1_203' title='bbox 569 2813 599 2869; x_wconf 89' lang='lat' dir='ltr'>in</span> <span class='ocrx_word' id='word_1_204' title='bbox 627 2814 779 2870; x_wconf 88' lang='lat' dir='ltr'>abstracto</span> <span class='ocrx_word' id='word_1_205' title='bbox 808 2834 899 2888; x_wconf 89' lang='lat' dir='ltr'>quam</span> <span class='ocrx_word' id='word_1_206' title='bbox 925 2814 1033 2870; x_wconf 85' lang='lat' dir='ltr'>Daniel</span> <span class='ocrx_word' id='word_1_207' title='bbox 1057 2812 1256 2887; x_wconf 87' lang='lat' dir='ltr'>prophetavit.</span> <span class='ocrx_word' id='word_1_208' title='bbox 1292 2814 1329 2868; x_wconf 88' lang='lat' dir='ltr'>Et</span> 
     </span>
     <span class='ocr_line' id='line_1_28' title="bbox 345 2898 1328 2972; baseline 0.001 -18"><span class='ocrx_word' id='word_1_209' title='bbox 345 2898 506 2957; x_wconf 89' lang='lat' dir='ltr'>manuduci</span> <span class='ocrx_word' id='word_1_210' title='bbox 532 2914 657 2972; x_wconf 90' lang='lat' dir='ltr'>possunt</span> <span class='ocrx_word' id='word_1_211' title='bbox 681 2900 783 2958; x_wconf 86' lang='lat' dir='ltr'>fideles</span> <span class='ocrx_word' id='word_1_212' title='bbox 806 2901 837 2958; x_wconf 91' lang='lat' dir='ltr'>in</span> <span class='ocrx_word' id='word_1_213' title='bbox 862 2920 1041 2959; x_wconf 89' lang='lat' dir='ltr'>consensum</span> <span class='ocrx_word' id='word_1_214' title='bbox 1066 2898 1152 2956; x_wconf 90' lang='lat' dir='ltr'>istius</span> <span class='ocrx_word' id='word_1_215' title='bbox 1175 2898 1328 2956; x_wconf 87' lang='lat' dir='ltr'>sentencie</span> 
     </span>
     <span class='ocr_line' id='line_1_29' title="bbox 345 2986 1328 3063; baseline -0.001 -20"><span class='ocrx_word' id='word_1_216' title='bbox 345 3005 398 3060; x_wconf 90' lang='lat' dir='ltr'>per</span> <span class='ocrx_word' id='word_1_217' title='bbox 430 2987 611 3060; x_wconf 83' lang='lat' dir='ltr'>exemplum,</span> <span class='ocrx_word' id='word_1_218' title='bbox 644 2999 676 3043; x_wconf 90' lang='lat' dir='ltr'>ut</span> <span class='ocrx_word' id='word_1_219' title='bbox 708 2987 733 3042; x_wconf 87' lang='lat' dir='ltr'>si</span> <span class='ocrx_word' id='word_1_220' title='bbox 765 2989 832 3063; x_wconf 87' lang='lat' dir='ltr'>quis</span> <span class='ocrx_word' id='word_1_221' title='bbox 867 2990 974 3063; x_wconf 84' lang='lat' dir='ltr'>hospes</span> <span class='ocrx_word' id='word_1_222' title='bbox 1000 2988 1117 3044; x_wconf 90' lang='lat' dir='ltr'>solebat</span> <span class='ocrx_word' id='word_1_223' title='bbox 1147 2986 1178 3042; x_wconf 90' lang='lat' dir='ltr'>in</span> <span class='ocrx_word' id='word_1_224' title='bbox 1202 2988 1328 3043; x_wconf 87' lang='lat' dir='ltr'>domum</span> 
     </span>
     <span class='ocr_line' id='line_1_30' title="bbox 345 3072 1328 3150; baseline 0 -20"><span class='ocrx_word' id='word_1_225' title='bbox 345 3074 433 3130; x_wconf 87' lang='lat' dir='ltr'>unius</span> <span class='ocrx_word' id='word_1_226' title='bbox 468 3074 589 3147; x_wconf 88' lang='lat' dir='ltr'>patroni</span> <span class='ocrx_word' id='word_1_227' title='bbox 625 3094 769 3149; x_wconf 89' lang='lat' dir='ltr'>prospere</span> <span class='ocrx_word' id='word_1_228' title='bbox 803 3075 949 3150; x_wconf 89' lang='lat' dir='ltr'>hospitari</span> <span class='ocrx_word' id='word_1_229' title='bbox 978 3088 1007 3132; x_wconf 88' lang='lat' dir='ltr'>et</span> <span class='ocrx_word' id='word_1_230' title='bbox 1036 3075 1177 3131; x_wconf 87' lang='lat' dir='ltr'>succedat</span> <span class='ocrx_word' id='word_1_231' title='bbox 1205 3072 1236 3129; x_wconf 91' lang='lat' dir='ltr'>in</span> <span class='ocrx_word' id='word_1_232' title='bbox 1259 3073 1328 3131; x_wconf 92' lang='lat' dir='ltr'>loco</span> 
     </span>
     <span class='ocr_line' id='line_1_31' title="bbox 344 3160 1376 3237; baseline 0.004 -21"><span class='ocrx_word' id='word_1_233' title='bbox 344 3160 388 3216; x_wconf 91' lang='lat' dir='ltr'>sui</span> <span class='ocrx_word' id='word_1_234' title='bbox 419 3160 555 3217; x_wconf 85' lang='lat' dir='ltr'>tirannus</span> <span class='ocrx_word' id='word_1_235' title='bbox 585 3162 636 3236; x_wconf 92' lang='lat' dir='ltr'>qui</span> <span class='ocrx_word' id='word_1_236' title='bbox 666 3176 773 3219; x_wconf 89' lang='lat' dir='ltr'>tractet</span> <span class='ocrx_word' id='word_1_237' title='bbox 801 3162 956 3236; x_wconf 75' lang='lat' dir='ltr'>tyrannice</span> <span class='ocrx_word' id='word_1_238' title='bbox 987 3161 1120 3237; x_wconf 89' lang='lat' dir='ltr'>hospites</span> <span class='ocrx_word' id='word_1_239' title='bbox 1144 3160 1174 3217; x_wconf 90' lang='lat' dir='ltr'>in</span> <span class='ocrx_word' id='word_1_240' title='bbox 1199 3161 1251 3218; x_wconf 91' lang='lat' dir='ltr'>illo</span> <span class='ocrx_word' id='word_1_241' title='bbox 1274 3161 1376 3223; x_wconf 80' lang='lat' dir='ltr'>ho-3o</span> 
     </span>
     <span class='ocr_line' id='line_1_32' title="bbox 343 3246 1329 3323; baseline 0.001 -20"><span class='ocrx_word' id='word_1_242' title='bbox 343 3246 438 3322; x_wconf 89' lang='lat' dir='ltr'>spicio</span> <span class='ocrx_word' id='word_1_243' title='bbox 467 3249 666 3323; x_wconf 86' lang='lat' dir='ltr'>hospitantes:</span> <span class='ocrx_word' id='word_1_244' title='bbox 700 3268 801 3306; x_wconf 90' lang='lat' dir='ltr'>nonne</span> <span class='ocrx_word' id='word_1_245' title='bbox 834 3249 947 3306; x_wconf 87' lang='lat' dir='ltr'>diceret</span> <span class='ocrx_word' id='word_1_246' title='bbox 975 3252 1012 3306; x_wconf 92' lang='lat' dir='ltr'>de</span> <span class='ocrx_word' id='word_1_247' title='bbox 1036 3248 1087 3306; x_wconf 94' lang='lat' dir='ltr'>illo</span> <span class='ocrx_word' id='word_1_248' title='bbox 1110 3246 1329 3323; x_wconf 85' lang='lat' dir='ltr'>patrefamilias</span> 
     </span>
     <span class='ocr_line' id='line_1_33' title="bbox 345 3334 1327 3412; baseline 0 -22"><span class='ocrx_word' id='word_1_249' title='bbox 345 3336 427 3409; x_wconf 90' lang='lat' dir='ltr'>quod</span> <span class='ocrx_word' id='word_1_250' title='bbox 461 3349 503 3390; x_wconf 88' lang='lat' dir='ltr'>est</span> <span class='ocrx_word' id='word_1_251' title='bbox 536 3336 763 3393; x_wconf 86' lang='lat' dir='ltr'>abhominabile</span> <span class='ocrx_word' id='word_1_252' title='bbox 795 3338 935 3393; x_wconf 88' lang='lat' dir='ltr'>desolans</span> <span class='ocrx_word' id='word_1_253' title='bbox 971 3337 1039 3393; x_wconf 87' lang='lat' dir='ltr'>loco</span> <span class='ocrx_word' id='word_1_254' title='bbox 1072 3335 1182 3412; x_wconf 88' lang='lat' dir='ltr'>prioris</span> <span class='ocrx_word' id='word_1_255' title='bbox 1207 3334 1327 3410; x_wconf 91' lang='lat' dir='ltr'>patroni</span> 
     </span>
     <span class='ocr_line' id='line_1_34' title="bbox 344 3421 1328 3497; baseline -0.002 -18"><span class='ocrx_word' id='word_1_256' title='bbox 344 3441 415 3479; x_wconf 91' lang='lat' dir='ltr'>suos</span> <span class='ocrx_word' id='word_1_257' title='bbox 448 3422 581 3496; x_wconf 86' lang='lat' dir='ltr'>hospites</span> <span class='ocrx_word' id='word_1_258' title='bbox 609 3423 813 3481; x_wconf 81' lang='lat' dir='ltr'>consolantis?</span> <span class='ocrx_word' id='word_1_259' title='bbox 845 3424 894 3480; x_wconf 86' lang='lat' dir='ltr'>Sic</span> <span class='ocrx_word' id='word_1_260' title='bbox 926 3423 1049 3480; x_wconf 89' lang='lat' dir='ltr'>indubie</span> <span class='ocrx_word' id='word_1_261' title='bbox 1080 3435 1179 3497; x_wconf 93' lang='lat' dir='ltr'>potest</span> <span class='ocrx_word' id='word_1_262' title='bbox 1212 3421 1328 3478; x_wconf 87' lang='lat' dir='ltr'>intrans</span> 
     </span>
     <span class='ocr_line' id='line_1_35' title="bbox 344 3506 1328 3586; baseline -0.001 -21"><span class='ocrx_word' id='word_1_263' title='bbox 344 3512 469 3566; x_wconf 92' lang='lat' dir='ltr'>domum</span> <span class='ocrx_word' id='word_1_264' title='bbox 505 3510 629 3567; x_wconf 86' lang='lat' dir='ltr'>ecclesie</span> <span class='ocrx_word' id='word_1_265' title='bbox 662 3512 698 3567; x_wconf 94' lang='lat' dir='ltr'>de</span> <span class='ocrx_word' id='word_1_266' title='bbox 727 3529 806 3585; x_wconf 87' lang='lat' dir='ltr'>papa</span> <span class='ocrx_word' id='word_1_267' title='bbox 834 3511 934 3568; x_wconf 91' lang='lat' dir='ltr'>dicere</span> <span class='ocrx_word' id='word_1_268' title='bbox 958 3509 1009 3586; x_wconf 92' lang='lat' dir='ltr'>qui</span> <span class='ocrx_word' id='word_1_269' title='bbox 1033 3511 1107 3567; x_wconf 89' lang='lat' dir='ltr'>falsa</span> <span class='ocrx_word' id='word_1_270' title='bbox 1137 3506 1328 3583; x_wconf 89' lang='lat' dir='ltr'>pretensione</span> 
     </span>
     <span class='ocr_line' id='line_1_36' title="bbox 344 3588 1373 3672; baseline -0.002 -19"><span class='ocrx_word' id='word_1_271' title='bbox 344 3611 474 3671; x_wconf 92' lang='lat' dir='ltr'>occupat</span> <span class='ocrx_word' id='word_1_272' title='bbox 505 3598 605 3654; x_wconf 90' lang='lat' dir='ltr'>locum</span> <span class='ocrx_word' id='word_1_273' title='bbox 636 3597 748 3654; x_wconf 86' lang='lat' dir='ltr'>Christi</span> <span class='ocrx_word' id='word_1_274' title='bbox 785 3601 865 3672; x_wconf 89' lang='lat' dir='ltr'>quod</span> <span class='ocrx_word' id='word_1_275' title='bbox 894 3612 938 3655; x_wconf 90' lang='lat' dir='ltr'>est</span> <span class='ocrx_word' id='word_1_276' title='bbox 968 3596 1182 3655; x_wconf 87' lang='lat' dir='ltr'>abhominacio</span> <span class='ocrx_word' id='word_1_277' title='bbox 1211 3588 1373 3652; x_wconf 74' lang='lat' dir='ltr'>desole-35</span> 
     </span>
     <span class='ocr_line' id='line_1_37' title="bbox 345 3682 1329 3743; baseline -0.001 -3"><span class='ocrx_word' id='word_1_278' title='bbox 345 3683 441 3741; x_wconf 89' lang='lat' dir='ltr'>cionis</span> <span class='ocrx_word' id='word_1_279' title='bbox 470 3698 498 3741; x_wconf 89' lang='lat' dir='ltr'>et</span> <span class='ocrx_word' id='word_1_280' title='bbox 526 3703 587 3741; x_wconf 89' lang='lat' dir='ltr'>non</span> <span class='ocrx_word' id='word_1_281' title='bbox 612 3685 849 3742; x_wconf 84' lang='lat' dir='ltr'>misericorditer</span> <span class='ocrx_word' id='word_1_282' title='bbox 877 3686 1036 3743; x_wconf 85' lang='lat' dir='ltr'>consolans</span> <span class='ocrx_word' id='word_1_283' title='bbox 1065 3703 1135 3742; x_wconf 90' lang='lat' dir='ltr'>suos</span> <span class='ocrx_word' id='word_1_284' title='bbox 1159 3682 1237 3740; x_wconf 87' lang='lat' dir='ltr'>filios</span> <span class='ocrx_word' id='word_1_285' title='bbox 1260 3683 1329 3739; x_wconf 88' lang='lat' dir='ltr'>loco</span> 
     </span>
     <span class='ocr_line' id='line_1_38' title="bbox 346 3771 466 3828; baseline -0.008 0"><span class='ocrx_word' id='word_1_286' title='bbox 346 3771 466 3828; x_wconf 88' lang='lat' dir='ltr'>Christi.</span> 
     </span>
    </p>

    <p class='ocr_par' dir='ltr' id='par_1_7' title="bbox 148 3858 1329 3933">
     <span class='ocr_line' id='line_1_39' title="bbox 148 3858 1329 3933; baseline -0.002 -19"><span class='ocrx_word' id='word_1_287' title='bbox 148 3865 182 3908; x_wconf 72' lang='grc' dir='ltr'>Ηι·</span> <span class='ocrx_word' id='word_1_288' title='bbox 198 3866 278 3908; x_wconf 75' lang='lat' dir='ltr'>stands</span> <span class='ocrx_word' id='word_1_289' title='bbox 292 3865 314 3908; x_wconf 82' lang='lat' dir='ltr'>in</span> <span class='ocrx_word' id='word_1_290' title='bbox 388 3862 454 3915; x_wconf 85' lang='lat' dir='ltr'>Stat</span> <span class='ocrx_word' id='word_1_291' title='bbox 486 3873 586 3915; x_wconf 89' lang='lat' dir='ltr'>autem</span> <span class='ocrx_word' id='word_1_292' title='bbox 621 3860 650 3916; x_wconf 92' lang='lat' dir='ltr'>in</span> <span class='ocrx_word' id='word_1_293' title='bbox 682 3862 750 3916; x_wconf 87' lang='lat' dir='ltr'>loco</span> <span class='ocrx_word' id='word_1_294' title='bbox 778 3873 884 3917; x_wconf 83' lang='lat' dir='ltr'>sancto</span> <span class='ocrx_word' id='word_1_295' title='bbox 912 3859 1108 3933; x_wconf 79' lang='lat' dir='ltr'>intelligendo</span> <span class='ocrx_word' id='word_1_296' title='bbox 1135 3876 1189 3931; x_wconf 89' lang='lat' dir='ltr'>per</span> <span class='ocrx_word' id='word_1_297' title='bbox 1216 3858 1329 3927; x_wconf 91' lang='lat' dir='ltr'>locum,</span> 
     </span>
    </p>

    <p class='ocr_par' dir='ltr' id='par_1_8' title="bbox 135 3918 1376 4283">
     <span class='ocr_line' id='line_1_40' title="bbox 135 3918 1330 4021; baseline 0 -21"><span class='ocrx_word' id='word_1_298' title='bbox 135 3918 241 3973; x_wconf 77' lang='lat' dir='ltr'>theuoty</span> <span class='ocrx_word' id='word_1_299' title='bbox 257 3918 396 4019; x_wconf 71' lang='lat' dir='ltr'>plac‘²&#39;qui</span> <span class='ocrx_word' id='word_1_300' title='bbox 435 3948 600 4002; x_wconf 90' lang='lat' dir='ltr'>secundum</span> <span class='ocrx_word' id='word_1_301' title='bbox 641 3946 754 4021; x_wconf 86' lang='lat' dir='ltr'>logicos</span> <span class='ocrx_word' id='word_1_302' title='bbox 797 3960 840 4004; x_wconf 92' lang='lat' dir='ltr'>est</span> <span class='ocrx_word' id='word_1_303' title='bbox 877 3948 962 4003; x_wconf 86' lang='lat' dir='ltr'>sedes</span> <span class='ocrx_word' id='word_1_304' title='bbox 1008 3942 1188 4020; x_wconf 82' lang='lat' dir='ltr'>argumenti,</span> <span class='ocrx_word' id='word_1_305' title='bbox 1226 3945 1330 4001; x_wconf 89' lang='lat' dir='ltr'>sedern</span> 
     </span>
     <span class='ocr_line' id='line_1_41' title="bbox 345 4030 1376 4105; baseline 0.002 -17"><span class='ocrx_word' id='word_1_306' title='bbox 345 4032 536 4090; x_wconf 84' lang='lat' dir='ltr'>auctoritatis</span> <span class='ocrx_word' id='word_1_307' title='bbox 569 4052 697 4105; x_wconf 79' lang='lat' dir='ltr'>suntme,</span> <span class='ocrx_word' id='word_1_308' title='bbox 732 4053 799 4090; x_wconf 90' lang='lat' dir='ltr'>cum</span> <span class='ocrx_word' id='word_1_309' title='bbox 829 4053 889 4091; x_wconf 92' lang='lat' dir='ltr'>non</span> <span class='ocrx_word' id='word_1_310' title='bbox 918 4034 1015 4089; x_wconf 86' lang='lat' dir='ltr'>solum</span> <span class='ocrx_word' id='word_1_311' title='bbox 1046 4031 1145 4088; x_wconf 91' lang='lat' dir='ltr'>innuit</span> <span class='ocrx_word' id='word_1_312' title='bbox 1173 4049 1205 4088; x_wconf 92' lang='lat' dir='ltr'>se</span> <span class='ocrx_word' id='word_1_313' title='bbox 1232 4030 1376 4090; x_wconf 89' lang='lat' dir='ltr'>facere40</span> 
     </span>
     <span class='ocr_line' id='line_1_42' title="bbox 345 4116 1330 4195; baseline 0 -20"><span class='ocrx_word' id='word_1_314' title='bbox 345 4119 447 4177; x_wconf 91' lang='lat' dir='ltr'>omnia</span> <span class='ocrx_word' id='word_1_315' title='bbox 472 4138 530 4194; x_wconf 90' lang='lat' dir='ltr'>que</span> <span class='ocrx_word' id='word_1_316' title='bbox 554 4119 690 4177; x_wconf 88' lang='lat' dir='ltr'>Christus</span> <span class='ocrx_word' id='word_1_317' title='bbox 715 4122 812 4195; x_wconf 90' lang='lat' dir='ltr'>potuit</span> <span class='ocrx_word' id='word_1_318' title='bbox 837 4123 887 4177; x_wconf 90' lang='lat' dir='ltr'>sed</span> <span class='ocrx_word' id='word_1_319' title='bbox 914 4122 1008 4177; x_wconf 87' lang='lat' dir='ltr'>multa</span> <span class='ocrx_word' id='word_1_320' title='bbox 1032 4139 1090 4195; x_wconf 91' lang='lat' dir='ltr'>que</span> <span class='ocrx_word' id='word_1_321' title='bbox 1107 4116 1244 4177; x_wconf 90' lang='lat' dir='ltr'>Christus</span> <span class='ocrx_word' id='word_1_322' title='bbox 1267 4135 1330 4175; x_wconf 90' lang='lat' dir='ltr'>non</span> 
     </span>
     <span class='ocr_line' id='line_1_43' title="bbox 345 4204 1329 4283; baseline 0.001 -21"><span class='ocrx_word' id='word_1_323' title='bbox 345 4207 454 4281; x_wconf 81' lang='lat' dir='ltr'>potuit,</span> <span class='ocrx_word' id='word_1_324' title='bbox 494 4220 522 4263; x_wconf 90' lang='lat' dir='ltr'>et</span> <span class='ocrx_word' id='word_1_325' title='bbox 555 4207 598 4264; x_wconf 91' lang='lat' dir='ltr'>sic</span> <span class='ocrx_word' id='word_1_326' title='bbox 631 4211 795 4265; x_wconf 85' lang='lat' dir='ltr'>secundum</span> <span class='ocrx_word' id='word_1_327' title='bbox 829 4210 1008 4283; x_wconf 83' lang='lat' dir='ltr'>Apostolum</span> <span class='ocrx_word' id='word_1_328' title='bbox 1043 4207 1143 4283; x_wconf 91' lang='lat' dir='ltr'>quoad</span> <span class='ocrx_word' id='word_1_329' title='bbox 1176 4204 1329 4283; x_wconf 86' lang='lat' dir='ltr'>duplicem</span> 
     </span>
    </p>
   </div>
   <div class='ocr_carea' id='block_1_3' title="bbox 399 4426 942 4480">
    <p class='ocr_par' dir='ltr' id='par_1_9' title="bbox 399 4426 942 4480">
     <span class='ocr_line' id='line_1_44' title="bbox 399 4426 942 4480; baseline 0.002 -11"><span class='ocrx_word' id='word_1_330' title='bbox 399 4440 420 4480; x_wconf 78' lang='lat' dir='ltr'>o.</span> <span class='ocrx_word' id='word_1_331' title='bbox 439 4426 467 4469; x_wconf 86' lang='lat' dir='ltr'>B:</span> <span class='ocrx_word' id='word_1_332' title='bbox 483 4426 617 4470; x_wconf 76' lang='lat' dir='ltr'>dimitteret.</span> <span class='ocrx_word' id='word_1_333' title='bbox 685 4426 717 4470; x_wconf 75' lang='lat'>23.</span> <span class='ocrx_word' id='word_1_334' title='bbox 734 4429 763 4470; x_wconf 83' lang='lat' dir='ltr'>B:</span> <span class='ocrx_word' id='word_1_335' title='bbox 777 4427 855 4472; x_wconf 78' lang='lat' dir='ltr'>dicere</span> <span class='ocrx_word' id='word_1_336' title='bbox 870 4429 942 4470; x_wconf 80' lang='lat' dir='ltr'>deest.</span> 
     </span>
    </p>
   </div>
   <div class='ocr_carea' id='block_1_4' title="bbox 0 0 1566 5130">
    <p class='ocr_par' dir='ltr' id='par_1_10' title="bbox 0 0 1566 5130">
     <span class='ocr_line' id='line_1_45' title="bbox 0 0 1566 5130; baseline 0 0"><span class='ocrx_word' id='word_1_337' title='bbox 0 0 1566 5130; x_wconf 95' lang='lat' dir='ltr'> </span> 
     </span>
    </p>
   </div>
  </div>
 </body>
</html>
