3098 5130
158 509 225 550 cue.
243 493 336 578 {uu-l
441 512 485 560 ne
505 511 743 560 nu'itcuuis'to
765 513 827 561 iius.
849 512 865 559 ι.

155 690 256 726 nonoen
280 683 370 729 tuum.
409 671 516 748 Quinto
540 672 667 727 sumitur
696 691 754 747 pro
784 672 957 727 adulacione
989 673 1138 726 mulcente.

155 760 274 815 Psalmo
298 759 383 827 CXL,
410 774 442 831 5:
476 759 577 814 Oleum
599 759 764 833 peccatoris
787 778 841 815 nou
866 759 1026 836 impinguet
1054 770 1140 833 caput

154 865 257 901 rneum.
283 848 372 902 Sexto
397 845 526 901 sumitur
550 865 605 919 pro
630 845 777 919 dignitate
800 848 944 919 prebente
968 845 1049 918 regia
1069 863 1139 912 unc-

154 933 254 990 cione:
289 934 409 989 Psalmo
444 934 624 1004 LXXXVlll,
664 950 718 991 21:
752 934 854 989 Inveni
886 934 987 988 David
1020 950 1138 989 servum

130 1021 257 1076 inieum.
292 1020 363 1076 Oleo
394 1031 495 1076 sancto
519 1038 581 1075 meo
605 1021 678 1076 unxi
696 1038 759 1076 eum
785 1034 813 1077 et
836 1023 871 1078 ls.
897 1022 931 1089 V,
977 1038 1005 1076 ιε
1051 1021 1139 1075 Vinea

153 1109 241 1182 sacta
266 1118 308 1163 est
332 1108 436 1164 dilecto
460 1125 523 1164 meo
548 1108 575 1162 in
599 1126 690 1163 cornu
705 1108 774 1184 filio
798 1108 861 1166 olei.
886 1110 922 1163 Et
946 1124 1000 1181 per
1015 1106 1072 1163 ista
1088 1125 1137 1162 sex

153 1208 250 1267 potest
275 1194 400 1269 intelligi
424 1194 574 1268 scriptura
594 1193 710 1251 mistice
726 1196 853 1269 loquens
871 1196 907 1251 de
931 1195 998 1251 oleo
1015 1196 1137 1269 quando

154 1296 196 1338 est
220 1300 325 1338 sensus
349 1281 485 1338 misticus
510 1280 718 1356 requirendus.

199 1370 403 1426 Crisostomus
437 1382 537 1426 autem
570 1387 661 1443 super
693 1368 751 1426 isto
783 1382 865 1425 textu
904 1369 947 1425 sic
986 1367 1137 1442 loquitur:
1165 1376 1335 1472 Curpsostom:

113 1473 142 1504 10
153 1458 233 1513 Sicut
271 1457 385 1531 lampas
413 1475 469 1512 non
501 1457 671 1520 accenditur
702 1474 741 1513 ex
763 1457 826 1512 oleo
849 1457 902 1512 sed
924 1457 959 1511 ab
983 1456 1060 1533 igne,
1080 1474 1138 1531 per
1152 1429 1211 1526 ,ξξῆξ
1220 1443 1356 1537 ’δζξῖὲῗξῇ

151 1546 245 1600 oleum
278 1557 374 1600 tamen
408 1544 536 1599 nutritur
564 1555 591 1600 et
619 1544 675 1599 nisi
701 1545 795 1600 oleum
820 1544 846 1599 ei
866 1543 1136 1599 subministraveris
1157 1535 1296 1631 mairillniiu
1313 1588 1342 1630 bv

152 1633 345 1709 extinguitur,
377 1631 419 1687 sic
447 1642 473 1686 et
497 1631 578 1705 fides
614 1651 669 1687 non
706 1648 745 1686 ex
782 1631 918 1708 operibus
955 1630 1134 1700 accenditur,
1168 1639 1229 1693 good
1247 1632 1336 1683 workss

151 1721 203 1774 sed
226 1737 264 1775 ex
288 1720 375 1775 verbo
400 1719 466 1788 Dei,
496 1719 571 1774 sicut
593 1718 635 1775 eit
657 1718 824 1793 Apostolus,
863 1730 958 1773 tamen
984 1736 1039 1792 per
1062 1718 1136 1773 bona

152 1824 240 1881 opera
276 1806 407 1861 nutritur
438 1817 466 1861 et
499 1805 556 1861 nisi
586 1805 855 1862 subministraveris
889 1806 916 1860 ei
938 1823 1028 1880 opera
1051 1805 1135 1868 bona,

113 1893 256 1969 ¹5dejicit.
287 1894 366 1948 Sient
398 1893 471 1948 enim
497 1911 552 1948 non
578 1904 674 1968 potest
697 1893 725 1947 in
749 1894 844 1948 Deum
868 1910 990 1967 sperare
1013 1892 1069 1948 nisi
1090 1893 1138 1965 qui

153 1981 233 2053 jacit
265 1999 354 2055 opera
379 1980 452 2035 bonu
481 1981 594 2055 aliquo:
630 1981 671 2036 sic
704 1998 759 2035 non
790 1990 886 2056 potest
918 1981 1041 2036 credere
1072 1980 1136 2035 Deo

152 2068 207 2123 uisi
228 2068 278 2143 qni
293 2068 373 2141 facit
395 2067 506 2143 aliquid
531 2067 652 2144 dignum
678 2067 750 2123 Deo.
777 2068 847 2123 Inde
870 2077 912 2122 est
935 2067 1013 2141 quod
1032 2084 1136 2141 pecco-

151 2167 229 2210 tores
253 2173 308 2210 non
333 2156 455 2210 credunt
470 2154 544 2223 Deo,
568 2155 629 2209 sive
652 2155 687 2209 de
709 2155 809 2232 gloria
832 2165 1000 2210 sanctorum
1025 2153 1052 2208 si
1074 2153 1136 2227 quis

151 2242 191 2297 eis
214 2243 352 2316 loquatur
367 2241 427 2297 siue
443 2242 479 2297 de
491 2259 567 2315 peno
581 2251 780 2316 peccatorum,
805 2253 832 2296 et
856 2242 924 2295 dum
942 2259 996 2296 non
1014 2241 1136 2296 credunt

109 2342 140 2374 20
152 2330 293 2402 futurum
329 2347 390 2384 esse
413 2330 490 2402 quod
514 2328 621 2383 dicitur
644 2345 734 2402 neque
762 2329 798 2383 de
821 2329 894 2383 bono
908 2329 1018 2402 futuro
1043 2327 1136 2383 delec-

151 2427 251 2471 tantur
274 2434 364 2490 neque
387 2416 422 2470 de
451 2417 528 2471 malo
552 2425 712 2472 terrentur.
748 2415 820 2471 Vere
839 2415 923 2489 fatui
947 2426 1014 2470 sunt
1037 2432 1136 2470 omnes

151 2504 280 2559 homines
304 2504 353 2578 qui
375 2515 424 2558 aut
440 2503 533 2558 solum
558 2501 728 2558 existimant
750 2502 806 2558 sibi
826 2519 912 2577 posse
934 2502 1072 2579 sufficere
1096 2501 1135 2555 ad

150 2591 283 2661 salutem,
306 2591 372 2665 quia
397 2591 520 2645 credunt
543 2591 570 2644 in
591 2589 751 2662 Christum,
775 2600 802 2645 et
824 2589 978 2644 cliristiani
1000 2589 1136 2644 dicuntur

151 2689 176 2732 et
200 2696 255 2733 mm
279 2677 425 2751 festinant
455 2676 625 2753 semetipsos
653 2677 734 2742 bonis
762 2677 898 2752 operibus
929 2678 1135 2731 commendare

109 2772 201 2821 ainec
224 2765 346 2819 audiunt
367 2765 505 2819 Iacobum
532 2764 688 2820 dicentem:
719 2764 794 2832 Quia
811 2763 892 2840 fides
914 2764 975 2819 sine
998 2763 1135 2840 operibus

151 2863 266 2907 mortuo
290 2863 342 2907 est.

193 2938 318 2995 Videtur
342 2938 432 2993 istum
458 2950 595 2994 sanctum
626 2957 694 2994 vere
725 2938 826 2994 dicere
850 2939 932 3011 quod
956 2940 994 2994 ad
1019 2937 1133 2994 stabili·
1157 2964 1220 3007 Necd
1236 2965 1262 3007 ot
1273 2966 1335 3018 good

150 3039 241 3082 tatem
274 3025 383 3081 viantis
416 3024 586 3081 necessaria
621 3038 664 3081 est
697 3027 777 3081 bona
800 3025 955 3098 operacio,
993 3041 1026 3081 ut
1058 3024 1131 3081 dicit
1204 3019 1289 3061 W⁰f¹‘⁵·

149 3115 287 3189 lacobus,
329 3112 400 3186 quia
423 3124 456 3167 ut
480 3129 549 3169 vere
573 3111 645 3168 dicit
669 3130 734 3185 cap.
758 3114 792 3183 ll,
823 3129 872 3188 19:
912 3114 1047 3169 demones
1070 3131 1132 3169 cre-

107 3202 219 3262 30dunt
243 3211 269 3255 et
292 3210 532 3269 contremescunt,
571 3198 643 3272 quie
681 3199 825 3255 deficiunt
858 3199 900 3255 eis
925 3202 1004 3256 bona
1039 3218 1133 3273 opera

150 3306 209 3360 que
232 3286 359 3344 caritate
383 3287 481 3342 forent
505 3286 679 3344 informate.
704 3290 740 3343 Et
764 3289 819 3342 hec
844 3287 926 3343 racio
950 3306 1044 3362 quare
1067 3287 1132 3361 qui-

149 3377 217 3430 dam
257 3374 373 3430 viantes
408 3387 573 3447 operantur
606 3375 719 3430 bonum
754 3372 881 3430 sollicite
915 3387 946 3430 ut
981 3373 1050 3429 fidei
1079 3393 1132 3430 sue

148 3462 246 3519 oleum
272 3460 413 3518 adveniat
445 3474 474 3517 et
496 3460 587 3517 vitam
612 3479 697 3518 suam
729 3461 874 3518 exhilaret
899 3474 1003 3517 contra
1028 3461 1132 3517 diebo-

148 3551 227 3619 lum3
266 3548 360 3605 etsie
386 3547 508 3622 quidam
543 3547 713 3621 intelligunt
738 3548 818 3605 istud
842 3548 967 3604 Matthei
992 3550 1040 3609 Vl.
1080 3565 1130 3624 17:

107 3647 136 3698 35
153 3638 194 3691 Tu
219 3653 289 3691 nero
312 3654 376 3691 cnm
402 3636 521 3707 ieiunas,
554 3654 632 3713 unge
654 3646 739 3710 caput
769 3647 848 3691 tuum
873 3647 900 3690 et
913 3635 1027 3709 sociem
1053 3645 1131 3690 tuam

148 3724 225 3781 lava.
252 3725 366 3779 Debent
392 3722 472 3779 enim
505 3722 620 3779 viantes
653 3722 682 3779 in
705 3722 789 3778 omni
823 3741 913 3796 opere
942 3741 996 3777 suo
1021 3723 1132 3778 habere

148 3809 343 3866 devocionem
380 3811 545 3884 sapientem
570 3828 624 3883 per
647 3827 740 3883 quam
765 3827 906 3884 suprema
936 3828 1006 3882 pars
1029 3808 1131 3865 anime

51 3906 115 3971 antl‘
148 3896 178 3952 in
202 3917 261 3972 qua
286 3911 354 3954 sunt
387 3897 470 3954 racio
494 3910 522 3953 et
546 3899 685 3953 voluntas
717 3896 890 3971 iniungatur
915 3896 982 3952 debi
1004 3891 1009 3977 Ι
1029 3911 1068 3966 te,
1102 3910 1131 3952 et

204 4247 219 4280 t·
236 4229 324 4272 codd:
342 4230 432 4273 Psalmo
448 4227 504 4271 XCI.
584 4241 605 4281 u.
622 4231 642 4271 Α
662 4229 684 4271 in
701 4240 786 4281 muru:
805 4227 967 4270 Crisostomus.
1049 4228 1079 4270 18.
1096 4229 1129 4270 A:

147 4284 197 4325 [teo
212 4283 289 4325 deest:
305 4282 321 4323 tt
337 4283 359 4324 in
376 4295 460 4335 murga
476 4283 553 4327 adon:
568 4280 599 4323 ib.
611 4284 643 4323 A:
658 4281 765 4331 sideest;
782 4280 810 4322 B:
826 4280 898 4323 addit.
953 4292 987 4322 πο.
1005 4278 1130 4335 l32suturo

147 4336 218 4377 deest,
286 4347 321 4388 27.
339 4336 360 4377 Α
375 4336 397 4377 io
414 4347 500 4388 isiniga
514 4334 641 4376 lohannes.

198 4477 222 4526 o.
242 4463 293 4525 Op.
314 4461 377 4526 Imp.
399 4461 415 4509 l.
435 4476 456 4508 e.
476 4475 535 4525 pag.
553 4458 612 4526 nbi.
685 4460 726 4509 25.
745 4457 826 4509 Jacob
854 4458 882 4518 ll,
903 4472 942 4507 20.

997 4552 1026 4592 ib
