3098 5130
162 510 229 554 car.
245 495 362 579 lxxiv-l
447 512 491 562 na
511 509 748 560 artrrcrtnrsro
769 510 832 558 tta.
852 510 869 558 t.

163 678 316 743 Quantum
350 675 386 729 ad
416 672 504 728 istam
529 670 737 728 difficultatem
763 683 792 726 et
816 668 939 739 similes,
964 688 1024 725 non
1049 670 1146 726 audeo

161 780 251 834 supra
285 778 382 816 meam
408 758 551 816 noticiam
586 757 731 827 diffinire3
764 757 833 814 ideo
857 775 925 813 cum
950 755 1046 813 sancti
1071 775 1146 830 quos

162 862 246 904 tanta
270 846 429 903 illustravit
462 844 573 903 noticia
598 845 628 901 in
653 843 779 902 materia
804 843 859 901 ista
888 857 1055 914 tacuerant,
1095 863 1147 900 cur

163 954 221 990 non
247 935 321 1007 ego?
355 937 397 990 De
431 951 516 990 mora
540 946 641 990 autem
666 931 752 988 istius
776 930 880 988 iudicii
906 944 934 986 et
958 933 994 987 de
1018 949 1147 987 numero

138 1021 298 1096 §parcium
323 1020 435 1077 Christi
460 1035 489 1077 et
505 1019 683 1076 Antichristi
706 1038 762 1075 nos
786 1017 896 1075 inscios
914 1036 977 1074 esse
1001 1017 1147 1074 sollicitos

163 1124 205 1165 est
238 1109 337 1179 inane,
377 1126 470 1164 unum
499 1121 602 1164 tamen
642 1105 839 1181 probabiliter
875 1104 1027 1162 credimus
1066 1106 1146 1179 quod

163 1195 298 1251 Christus
324 1195 434 1270 ubique
459 1212 581 1268 presens
606 1193 737 1250 movebit
761 1192 967 1249 consciencias
991 1191 1148 1266 utriusque

141 1282 308 1339 ¹exercitus
325 1295 353 1338 et
376 1282 418 1338 sic
442 1300 548 1338 omnes
573 1280 696 1338 mentali
714 1280 872 1337 locucione
896 1282 1059 1354 loquentur
1082 1298 1148 1353 pre·

162 1370 272 1426 dictam
298 1368 494 1428 sentenciam.
519 1368 679 1425 Probabile
695 1367 792 1424 eciam
816 1367 936 1424 videtur
951 1368 1031 1440 quod
1052 1366 1148 1422 maior

123 1456 218 1513 merit
264 1455 411 1513 exercitus
449 1455 624 1512 Antichristi
669 1473 759 1529 quam
799 1453 855 1511 erit
894 1457 931 1510 de
976 1452 1148 1530 hominibns

162 1543 308 1600 exercitus
331 1546 399 1599 lesu
424 1542 527 1600 nostri.
553 1545 724 1616 Utrumque
740 1555 840 1598 autem
866 1554 927 1598 tarn
953 1560 1031 1615 pena
1055 1560 1146 1615 quam

163 1631 305 1703 gaudium
332 1630 388 1687 erit
412 1644 545 1686 eternam
571 1649 587 1686 a
613 1643 697 1704 parte
721 1643 788 1703 post
813 1642 842 1686 et
865 1627 908 1684 sic
933 1626 1054 1703 proprie
1078 1646 1145 1701 per-

163 1732 287 1791 petuum
312 1717 376 1774 sine
401 1717 470 1776 line.
501 1718 558 1774 Sed
583 1716 660 1773 sicut
684 1715 823 1773 Christus
853 1714 975 1772 racione
999 1715 1147 1772 immense
1177 1739 1239 1782 Even
1253 1740 1290 1782 tor
1305 1739 1342 1781 the

163 1804 282 1861 deitatis
321 1823 373 1861 sue
406 1818 450 1861 est
489 1803 599 1878 ubique
638 1803 667 1860 in
696 1803 855 1861 celestibus
885 1816 913 1859 et
937 1802 1065 1873 inferno,
1104 1801 1146 1858 sic
1171 1791 1353 1887 δζῗζξξξξὲξίξζῑ

124 1900 281 1966 rfioportet
315 1891 414 1965 ipsum
450 1891 572 1948 racione
610 1890 823 1948 immensitatis
856 1908 909 1947 sue
933 1889 1034 1964 gracie
1059 1907 1147 1964 agere
1201 1897 1319 1939 rnannor.

163 1978 398 2035 misericorditer
430 1997 497 2035 cum
523 1978 705 2052 dampnatis,
745 1978 787 2035 sic
825 1979 907 2052 quod
940 1977 996 2051 ipsi
1026 1976 1147 2033 racione

163 2084 225 2122 esse
259 2064 388 2140 graciosi
421 2068 502 2141 quod
527 2067 677 2122 habenta
702 2064 833 2121 Domino
863 2083 924 2121 non
948 2076 1092 2139 appetent
1116 2082 1146 2120 se

160 2172 222 2209 110ss
246 2171 318 2210 esse.

177 2397 297 2458 ‘ra-153
312 2399 348 2440 A:
364 2396 405 2440 red
417 2402 516 2461 oportet.
571 2409 600 2451 ¹7·
616 2399 650 2440 A:
666 2401 777 2452 appetent
792 2396 865 2439 twice.
934 2396 964 2439 18.
979 2397 1033 2440 AB:
1048 2395 1150 2450 Explicit

163 2449 221 2492 tiber
235 2454 322 2493 teretur
336 2449 365 2493 cle
378 2450 529 2494 Antichristo.
