3098 5130
183 512 250 555 cae.
271 499 385 581 *xxxvl
467 517 511 565 m:
532 516 768 566 xnrtcnatsxo
789 519 851 566 rm.
872 521 888 566 t.

184 679 214 734 in
240 677 339 733 medio
378 677 557 750 susceptivo,
590 679 694 751 quales
727 678 864 734 carencic
899 693 968 734 sunt
997 678 1168 752 specialiter

183 767 212 822 in
237 766 368 836 inferno,
402 764 574 837 spirituales
607 780 709 822 autem
743 767 865 821 tenebre
897 781 966 822 sunt
996 765 1168 840 spirituales

184 852 321 909 carencie
337 852 460 908 luminis
477 852 603 914 noticie;
629 866 657 909 et
682 852 731 908 ille
755 854 877 908 tenebre
893 853 1048 910 variantur
1064 871 1168 910 secun-

184 943 256 996 dum
280 939 483 996 variacionem
508 938 632 995 luminis
656 941 694 996 ad
719 940 920 1014 propositum,
945 960 1013 996 cum
1038 941 1169 1014 pertinet

160 1030 221 1083 bele
244 1026 358 1083 lumine
383 1025 452 1082 lidei
476 1040 504 1083 et
529 1026 593 1083 eius
615 1026 755 1083 carencia
779 1040 979 1100 pertractare;
1004 1041 1033 1083 et
1056 1026 1099 1084 sic
1122 1027 1168 1083 di·
1187 1033 1302 1096 bini-reni·
1312 1035 1380 1078 kinds

184 1114 307 1188 stinguit
331 1113 537 1170 Crisostomus
570 1115 606 1170 de
631 1114 741 1188 triplici
766 1113 916 1188 spirituali
945 1117 1078 1183 tenebra,
1112 1114 1168 1171 sci·
1208 1087 1351 1182 οὲαἶῖᾨῗζῗι

184 1202 252 1258 licet
291 1200 461 1274 gentilium,
489 1203 654 1257 iudeorum
688 1215 716 1258 et
753 1200 971 1258 hereticorum:
1017 1201 1167 1272 Forsitan,

185 1288 291 1362 inquit,
317 1287 550 1363 propinquiores
567 1290 689 1345 tenebre
712 1303 783 1345 sunt
801 1288 974 1362 ignorancie
998 1288 1167 1363 gentilium,

184 1376 344 1432 exteriores
360 1378 536 1446 iudeorum,
560 1377 627 1449 plus
651 1389 751 1432 autern
770 1376 930 1433 exteriores
954 1376 1167 1446 hereticorum,

146 1463 328 1536 roquoniam
363 1463 490 1537 gentiles
514 1464 672 1520 veritatem
713 1478 857 1537 spernunt
881 1482 972 1538 quam
997 1483 1058 1520 non
1082 1464 1168 1520 audi·

185 1565 282 1622 erunt,
321 1551 407 1606 ludei
441 1565 542 1607 autem
581 1570 671 1625 quam
706 1569 767 1608 non
801 1552 1003 1623 crediderunt,
1044 1550 1168 1607 heretici

185 1652 286 1693 autem
320 1656 411 1712 quum
447 1639 606 1694 audierunt
640 1651 668 1693 et
702 1637 889 1711 didicerunt3
926 1637 1060 1712 ipsarum
1095 1656 1169 1712 quo-

185 1744 241 1798 que
277 1724 536 1781 heresiarcharum
570 1726 762 1781 tenebrarum
797 1726 927 1799 quedam
967 1738 1037 1781 sunt
1074 1743 1169 1799 prope

93 1817 156 1879 431⁶
185 1813 282 1868 lucem
306 1812 451 1881 veritatis,
482 1812 540 1868 alie
564 1826 664 1868 autem
695 1812 814 1886 longius
835 1807 839 1891 l
860 1831 876 1868 a
900 1811 1025 1868 veritate
1049 1826 1077 1868 et
1101 1812 1169 1868 ideo

146 1899 341 1973 rinigriores,
376 1899 434 1955 alie
458 1913 559 1955 autem
594 1898 726 1972 amplius
750 1900 838 1972 longe
864 1913 891 1955 et
917 1900 986 1955 ideo
1010 1898 1169 1973 spissiores

185 2000 212 2042 et
237 1986 406 2051 exteriores,
432 2000 460 2042 et
484 1986 574 2042 sicin
592 1985 788 2042 exterioribus
808 2000 878 2042 sunt
902 1988 1026 2060 gradus;
1051 2005 1169 2043 summe

185 2087 285 2129 autem
311 2073 472 2129 exteriores
495 2088 564 2129 sunt
589 2075 708 2129 hereses
733 2073 968 2146 perversissime,
998 2073 1075 2130 sicut
1099 2086 1169 2129 sunt

185 2179 289 2216 eorum
314 2160 365 2234 qui
383 2161 521 2217 videntur
538 2179 602 2217 esse
626 2160 770 2234 capitales
787 2160 913 2217 ecclesie
938 2173 966 2216 et
990 2179 1007 2217 a
1031 2160 1169 2217 doctrina

185 2247 295 2303 Christi
330 2262 400 2304 sunt
432 2248 535 2306 eversi.
575 2251 636 2304 Nec
670 2262 818 2321 repugnat
852 2249 959 2303 horum
993 2262 1167 2304 sanctorum

143 2334 336 2391 rosentencie
369 2335 414 2390 rel
448 2334 517 2391 fidei
546 2335 696 2409 scripture
728 2337 810 2409 quocl
849 2336 973 2391 tenebre
1006 2335 1168 2391 exteriores

186 2421 391 2495 intelligantur
425 2425 547 2479 tenebre
571 2423 745 2495 corporales
779 2422 809 2477 in
846 2411 964 2477 insertio
1002 2440 1060 2497 que
1099 2433 1168 2477 sunt

186 2522 267 2565 extra
306 2509 439 2565 animam
479 2522 508 2566 et
541 2529 557 2566 a
591 2523 671 2566 statu
704 2508 898 2565 beatitudinis
931 2510 998 2582 plus
1022 2508 1168 2565 distantes

185 2598 316 2663 tenebre,
341 2614 410 2652 cum
427 2596 601 2670 spirituales
626 2614 684 2672 que
708 2595 855 2653 inducunt
879 2595 909 2651 in
935 2595 1005 2652 istas
1029 2597 1167 2652 tenebras

185 2697 252 2739 sunt
276 2682 402 2756 priores.

527 2886 631 2948 CAP.
656 2886 829 2949 LXXIV.

226 3030 369 3105 Sequitur
393 3031 422 3086 in
446 3043 527 3086 textu
553 3029 694 3087 Matthei:
738 3030 810 3085 Cum
835 3042 931 3086 antem
957 3031 1068 3086 venerit
1083 3030 1168 3107 filins

182 3119 305 3174 bominis
337 3119 365 3173 in
399 3119 548 3173 maiestate
571 3136 623 3174 sna
652 3128 680 3173 et
703 3135 801 3173 omnes
824 3118 925 3195 angeli
952 3119 1013 3174 eins
1035 3135 1099 3173 cnm
1124 3136 1168 3190 eo,

183 3218 249 3262 ttmc
272 3205 380 3261 sedebit
399 3223 489 3280 snper
511 3206 608 3260 sedem
633 3205 792 3261 maiestatis
815 3223 875 3276 sne,
901 3216 928 3261 et
943 3206 1168 3283 congregabun-

183 3305 232 3348 tur
254 3303 321 3348 ante
352 3311 416 3347 enm
440 3309 548 3363 omnes,
578 3304 604 3347 et
628 3293 776 3367 separabit
799 3311 848 3349 eos
870 3292 905 3347 ab
929 3293 1061 3362 invicem,
1094 3292 1168 3347 sicut

141 3387 172 3437 30
179 3392 284 3456 pastor
314 3390 458 3456 segregat
490 3398 557 3435 oves
588 3381 624 3435 ab
648 3380 710 3436 edis
738 3390 765 3435 et
787 3390 893 3435 statuet
922 3397 989 3435 oves
1012 3379 1125 3454 quidem
1150 3397 1166 3433 a

182 3467 296 3523 dextris
318 3466 389 3535 suis,
414 3467 483 3523 edos
505 3478 601 3522 antem
625 3486 642 3522 a
665 3467 801 3522 sinistris.

226 3556 323 3628 Super
347 3573 409 3627 quo
431 3553 626 3626 leronymus:
661 3554 732 3609 Post
754 3554 872 3609 biduum
894 3553 1004 3628 pascha
1021 3552 1167 3625 facturus
1225 3559 1330 3621 terame:

182 3653 208 3697 et
231 3642 393 3696 tradendus
427 3642 508 3697 cruci
540 3652 567 3697 et
590 3641 754 3696 illudendus
786 3642 821 3695 ab
852 3640 1013 3696 bominibus
1036 3650 1063 3695 et
1085 3651 1166 3695 aceto
1184 3611 1377 3707 ssllliel’fflll'cefd

181 3747 215 3784 ac
230 3729 309 3803 selle
328 3729 484 3804 potandus,
521 3739 599 3784 recte
619 3727 761 3802 premittit
793 3728 923 3805 gloriam
947 3726 1166 3801 triumphantis,
1204 3716 1363 3822 noioliciinng

140 3822 212 3873 3511!
235 3827 371 3871 secutura
403 3816 543 3871 scandala
564 3815 787 3890 pollicitationis
817 3815 932 3889 premio
956 3824 1165 3889 compensaret.
1204 3781 1358 3864 hiixitianon.

182 3903 221 3958 Et
245 3904 402 3958 notandum
435 3904 513 3978 quod
536 3903 584 3977 qni
606 3903 633 3957 in
658 3903 807 3957 maiestate
830 3903 991 3957 cernendus
1013 3913 1066 3974 est,
1081 3900 1167 3977 filins

233 4202 253 4233 2.
268 4193 321 4235 Am
334 4204 420 4247 marg:
436 4205 458 4235 2.
514 4195 597 4247 itt-19.
608 4193 636 4235 B:
649 4192 758 4235 doctrina
768 4190 869 4233 Donrini.
924 4191 954 4234 25.
967 4191 986 4233 Α
997 4205 1001 4232 :
1011 4190 1068 4244 Cap.
1080 4189 1166 4232 LXXII.

183 4241 216 4284 30.
232 4245 263 4285 A:
279 4249 372 4287 stataet.
440 4244 468 4287 31,
485 4246 519 4287 A:
533 4245 596 4287 eder.
663 4243 696 4287 32.
711 4243 752 4287 ΑΒ
768 4244 790 4286 ln
807 4255 889 4296 marg:
903 4244 1048 4296 leronymus.

237 4370 276 4418 eri.
297 4371 386 4418 llattb.
411 4373 488 4431 XXV,
514 4373 624 4422 31—32.
727 4372 767 4420 32.
796 4370 899 4418 Comm.
930 4369 955 4416 in
986 4367 1076 4417 Matth.
1104 4368 1120 4416 l.
1145 4383 1167 4417 c.

185 4456 243 4504 pag.
263 4439 408 4506 208-209.
