3098 5130
171 503 238 546 cae.
259 488 364 570 exva-l
446 507 490 555 ou
510 505 747 556 nuuicuuisuo
769 507 832 556 ute.
853 507 871 556 t.

170 678 301 743 oporteat
316 668 444 742 sacere;
476 668 528 723 sed
551 667 715 740 festinante
742 667 848 722 iudicio
881 679 908 723 et
942 667 1158 724 necessitatibus

170 755 236 810 aliis
252 772 341 829 super
364 755 439 810 alias
457 754 641 824 venientibus,
666 772 729 810 cum
755 772 810 810 non
833 754 870 810 sit
893 754 1017 811 docendi
1040 753 1157 810 licencia

170 860 221 897 nec
244 853 357 916 tempus
380 841 491 898 iusticie
509 841 651 915 faciende
673 853 723 897 aut
746 842 862 919 agende
880 842 1048 917 penitencie,
1071 840 1158 916 sesti-

171 929 254 984 uocio
288 947 388 985 eorum
413 947 505 985 vacua
529 929 593 984 erit.
627 927 694 985 Hoc
726 929 800 985 euim
834 929 912 984 etin
937 929 1082 986 cotidiano
1106 946 1159 983 usu

146 1016 300 1072 inidoneus
315 1016 396 1092 sieri.
436 1016 548 1072 Cotidie
570 1015 644 1072 enim
668 1017 836 1073 sacerdotes
868 1016 995 1072 clamant
1018 1017 1046 1072 in
1069 1016 1159 1072 eccle-

169 1104 229 1158 sia:
253 1104 337 1170 “Qui
348 1104 480 1179 peccauit
492 1102 681 1178 penitenciam
698 1113 781 1182 agat,
805 1103 924 1178 quinon
937 1103 1071 1179 peccavit
1090 1121 1158 1177 per-

171 1202 286 1246 maneat
317 1190 345 1246 in
370 1191 444 1247 Deo.
478 1191 577 1265 Neque
609 1192 748 1247 seducant
780 1209 830 1247 vos
853 1191 981 1248 honores
1007 1201 1034 1247 et
1058 1189 1160 1245 divicie

171 1279 356 1352 temporales,
378 1278 444 1352 quia
468 1289 582 1352 tempus
599 1290 726 1334 vestrum
746 1295 840 1353 prope
863 1289 914 1349 est,
938 1289 966 1334 et
985 1278 1012 1335 si
1026 1295 1159 1334 consum·

171 1365 263 1420 macio
282 1376 379 1420 nestra
396 1365 573 1435 tardaverit,
591 1384 671 1421 mors
688 1376 785 1421 vestra
802 1384 858 1422 non
875 1367 1009 1438 tardat,'’
1034 1372 1061 1422 el
1077 1381 1159 1420 nemo

132 1473 160 1504 ιο
171 1453 274 1522 credit,
291 1471 373 1508 nemo
391 1453 518 1509 obaudit.
547 1453 619 1508 Cum
636 1463 732 1508 autem
751 1453 860 1510 venerit
875 1471 963 1529 super
985 1452 1052 1508 illos
1068 1469 1159 1521 mors,

171 1540 317 1613 festinant
346 1551 372 1596 et
401 1540 573 1609 anxiantur,
613 1551 716 1596 vocant
752 1541 931 1611 sacerdotes,
967 1539 1158 1614 penitenciam

172 1627 271 1682 volunt
294 1644 397 1703 agere,
420 1628 537 1702 quando
553 1627 610 1682 iam
631 1627 790 1702 penitencie
807 1629 888 1684 locus
904 1646 960 1683 non
983 1637 1033 1682 est.
1060 1627 1160 1700 Itaque

171 1715 239 1768 dum
263 1726 412 1789 exponunt
432 1725 553 1790 peccata
576 1732 641 1788 sua,
666 1715 733 1769 dum
756 1714 947 1790 penitenciam
972 1726 999 1770 et
1018 1724 1158 1789 precepta

171 1801 280 1856 iusticie
303 1813 437 1875 querunt,
469 1802 582 1877 capitur
613 1801 709 1857 anima
738 1820 839 1858 eorum
864 1813 891 1858 et
920 1801 1028 1857 vadunt
1067 1800 1159 1871 uacui,

132 1888 267 1965 tfirrzagis
298 1899 364 1944 sunt
397 1889 485 1966 ligati
515 1889 719 1944 iustoiudicio
744 1889 817 1946 Dei:
853 1889 919 1964 quia
954 1906 1009 1945 nan
1034 1899 1160 1963 propter
1171 1917 1292 1960 offiium,
1303 1915 1376 1959 under

172 1976 268 2030 odium
288 1987 479 2050 peccatorum
513 1976 694 2050 displicentes
724 1976 780 2032 sibi
807 1977 940 2032 volebant
967 1975 1158 2051 penitenciam
1188 1969 1357 2065 siiro‘iitiiim

170 2080 262 2139 agere
284 2064 336 2118 sed
356 2074 480 2139 propter
503 2063 766 2122 mortistimorem.
790 2063 892 2119 Adhuc
915 2063 990 2119 enim
1013 2062 1041 2118 si
1062 2062 1160 2118 uivere
1214 2055 1218 2063 “
1257 2055 1260 2061 ’
1318 2055 1336 2062 ”

167 2150 335 2224 potuissent.
365 2169 420 2206 non
445 2150 500 2206 sibi
523 2149 743 2225 displicuissent.
768 2150 850 2205 Alius
874 2160 970 2206 autem
997 2149 1160 2205 venditores

171 2237 235 2306 olei,
253 2237 283 2291 id
299 2248 351 2306 est,
375 2237 442 2294 bani
457 2237 561 2313 operis,
580 2255 724 2312 pauperes
740 2237 818 2293 dicit.
844 2237 1007 2292 Prudentes
1030 2235 1160 2313 uirgines

130 2324 329 2379 cohortantur
344 2326 451 2398 fatuas
472 2336 502 2379 ut
522 2335 587 2380 eant
602 2343 657 2399 per
680 2335 793 2399 tempus
815 2324 855 2379 ad
873 2341 1019 2399 pauperes
1042 2334 1069 2380 et
1078 2322 1159 2396 saci·

172 2422 249 2467 entes
265 2412 305 2467 eis
329 2413 401 2467 bona
419 2412 539 2482 iusticie,
564 2411 797 2468 misericordiam
815 2421 1027 2486 consequantur
1050 2410 1086 2465 ab
1110 2410 1159 2477 eis,

170 2500 304 2572 qnoniam
336 2517 391 2574 per
424 2498 656 2555 misericordiam
681 2499 800 2573 factam
839 2499 867 2553 in
891 2498 931 2554 eis
954 2497 1019 2568 olei,
1053 2497 1158 2566 idest,

172 2586 381 2656 misericordie,
416 2604 526 2642 merces
558 2586 730 2661 acquiritur.
768 2586 818 2641 llli
838 2597 933 2641 autem
958 2586 1026 2640 dum
1052 2585 1160 2639 uadunt

172 2685 239 2728 tnnc
263 2673 389 2729 uolentes
420 2673 531 2748 aliquid
554 2674 663 2748 facere
693 2674 760 2729 boni
787 2684 911 2748 propter
942 2673 1019 2747 quod
1037 2682 1159 2746 possunt

130 2767 235 2815 uicum
252 2760 365 2836 fidncia
390 2778 549 2816 occurrere
568 2761 698 2832 Christo,
722 2771 862 2817 uenturus
885 2772 927 2816 est
955 2759 1090 2816 Christus
1114 2776 1159 2814 re-

167 2859 252 2922 pente
275 2859 302 2902 et
326 2848 398 2902 nihil
421 2848 462 2903 eis
475 2848 611 2923 proderit
634 2847 769 2904 anxietas
793 2848 854 2918 illa,
879 2859 947 2903 tunc
963 2846 1160 2922 incipientibus

171 2935 239 2990 bene
261 2953 363 3012 agere,
396 2953 459 2990 cnm
494 2946 608 3010 tempus
631 2936 699 2991 bene
731 2935 841 3011 agendi
863 2934 1054 2991 concluditur.
1096 2934 1159 2989 Hec

172 3021 386 3078 crisostomus.

215 3109 359 3182 Sequitur
384 3108 413 3165 in
438 3122 520 3164 textu
545 3107 687 3165 Matthei:
720 3107 886 3164 Novissime
919 3107 1033 3164 veniunt
1061 3117 1087 3163 et
1112 3125 1157 3163 re·

129 3205 159 3252 ’.ἔω
171 3196 245 3271 lique
276 3197 414 3274 uirgines,
445 3197 584 3253 dicentes:
618 3195 754 3267 Domine,
793 3195 927 3265 Domine,
959 3195 1041 3270 aperi
1063 3194 1160 3262 nobis,·

170 3302 204 3338 ac
227 3284 277 3338 ille
312 3285 489 3359 respondens
521 3284 576 3338 ait:
608 3285 699 3339 Amen
731 3282 796 3338 dico
830 3282 924 3338 vobis:
962 3281 1066 3338 Nescio
1100 3300 1158 3337 vos.

177 3371 301 3447 Vigilate
324 3371 419 3446 itaque
442 3382 468 3427 et
492 3381 585 3441 orate,
609 3370 675 3444 quia
700 3369 815 3427 nescitis
838 3369 912 3425 diem
930 3387 1019 3444 neque
1042 3369 1157 3424 horam.

171 3460 267 3530 Super
291 3477 351 3532 quo
368 3461 562 3531 leronymus:
586 3457 723 3534 Egregia
747 3456 861 3531 quidem
888 3456 915 3511 in
938 3455 1059 3511 Domini
1080 3455 1158 3530 apel·
1216 3480 1322 3524 terame:

170 3545 280 3600 lacione
303 3545 457 3620 consessio,
489 3546 574 3619 idque
597 3545 747 3619 repetitum
772 3543 908 3599 indicium
932 3555 974 3599 est
989 3542 1073 3618 fidei,
1106 3543 1159 3598 sed
1178 3534 1221 3627 Q}
1236 3533 1365 3637 “fflgff

128 3633 237 3705 35qttid
256 3634 378 3707 prodest
404 3650 471 3688 uoce
491 3632 628 3687 inuocare
651 3649 733 3705 qttem
758 3631 892 3706 operibus
915 3631 1026 3705 neges?
1049 3629 1086 3684 At
1109 3629 1158 3683 ille
1229 3637 1315 3679 worus.

169 3720 345 3793 respondens
369 3720 425 3774 ait:
456 3721 546 3774 Amen
573 3718 637 3775 dico
662 3719 749 3787 uubis,
773 3717 867 3773 nescio
892 3736 952 3772 vos.
985 3716 1072 3771 Νονὶῑ
1098 3716 1158 3771 Do·

170 3809 263 3861 ininus
286 3827 333 3861 eos
353 3807 402 3880 qui
420 3807 480 3861 eius
499 3818 564 3861 sunt
585 3805 679 3880 etqui
705 3806 824 3881 ignorat
839 3803 1034 3880 ignorabitur.
1061 3803 1159 3858 Nescit

222 4056 252 4094 tn.
269 4045 302 4087 A:
318 4044 409 4098 capita,-
428 4044 459 4085 ib.
475 4045 507 4086 A:
524 4042 611 4086 uadunt
625 4043 697 4086 deest.
778 4054 808 4096 ¹7·
824 4043 852 4084 A:
870 4043 912 4084 sed
925 4041 996 4083 deest.
1078 4041 1108 4084 18.
1124 4041 1158 4083 Aa

169 4108 214 4138 non
230 4097 304 4138 twice,
376 4107 459 4139 20-21.
477 4095 505 4137 tt:
525 4097 546 4136 si
557 4096 647 4150 patitur
661 4107 701 4138 eos
715 4100 803 4149 tempus
823 4096 856 4136 ad
867 4105 985 4148 pauperes
1000 4098 1023 4136 et
1030 4093 1158 4148 facientes.

170 4161 201 4190 22.
220 4149 247 4190 ll:
261 4162 305 4209 per
318 4150 479 4202 penitenciam.
560 4148 593 4191 ab.
608 4151 643 4190 A:
661 4148 766 4190 Christus
780 4147 854 4189 deest.
935 4146 970 4188 nti.
988 4145 1015 4188 B:
1030 4150 1159 4205 propterea

170 4201 228 4291 spitii
242 4214 280 4243 ers.
358 4214 404 4245 uu-
416 4200 447 4242 [io.
465 4203 498 4243 A:
515 4201 622 4255 reliquie.
698 4198 730 4242 33.
747 4202 780 4242 A:
796 4211 842 4254 quo
857 4201 933 4247 deust:
949 4199 979 4241 ib.
995 4200 1016 4240 Α
1032 4211 1053 4239 ιιι
1071 4210 1158 4252 marg.:

169 4286 173 4295 .
183 4265 316 4305 eronymus.

223 4394 262 4444 ²¹2⁸·
282 4380 370 4428 blattis.
389 4381 466 4440 XXV,
491 4381 597 4428 11—13.
636 4381 677 4431 33.
697 4379 801 4428 Comm.
821 4380 846 4426 in
863 4376 952 4426 Mutth.
966 4378 982 4425 l.
994 4393 1016 4425 c.
1028 4392 1087 4441 pag.
1099 4376 1158 4426 205.

171 4448 386 4507 30.11.Tim.1‚
410 4466 447 4516 ¹9·
494 4452 534 4513 37.
555 4449 739 4508 tconxtx',
760 4448 800 4498 38.
838 4475 858 4527 -ἱ
