3098 5130
614 1301 717 1363 CAP.
742 1300 768 1362 Ι.

240 1443 361 1499 Dictum
386 1456 430 1499 est
455 1443 592 1517 superius
617 1446 697 1517 quod
722 1444 832 1500 tercius
864 1457 1010 1501 tractatus
1034 1443 1179 1518 evangelii
1210 1454 1269 1497 This
1284 1455 1377 1515 troarne

197 1543 256 1586 stat
279 1530 310 1586 in
334 1549 475 1587 sermone
507 1550 597 1605 quem
631 1531 701 1588 fecit
727 1531 874 1588 Dominus
898 1531 1096 1588 valedicendo
1119 1531 1181 1588 suis
1196 1506 1391 1602 ''lle“'faffllh

198 1616 352 1691 discipulis
391 1617 439 1674 die
472 1636 554 1696 cene,
595 1616 690 1674 eciam
729 1632 788 1675 stat
821 1618 851 1675 in
882 1619 1023 1693 capitulis
1047 1618 1180 1693 quinque
1205 1611 1380 1707 cdffilss‘ffifs

174 1705 341 1760 §iohannis
366 1724 382 1761 a
406 1707 470 1760 Xlll
495 1705 558 1761 eius
583 1705 716 1778 capitulo
740 1725 835 1780 usque
859 1709 898 1762 ad
922 1709 999 1763 XVII
1024 1705 1178 1764 inclusive.
1237 1716 1355 1771 disciptes.

198 1792 339 1848 Continet
363 1805 464 1848 autem
490 1794 545 1848 hec
568 1792 734 1849 valediccio
760 1794 869 1850 multas
897 1794 1018 1868 pulcras
1042 1807 1071 1850 et
1094 1807 1180 1851 nota·
1231 1768 1360 1865 lssllrllll

198 1878 272 1936 biles
297 1878 483 1952 evangelicas
507 1878 657 1936 veritates.
693 1880 773 1937 Dicit
797 1894 897 1937 autem
929 1881 1052 1955 quidam
1077 1880 1182 1954 postil-

198 1965 262 2022 lans
295 1968 376 2040 quod
399 1969 483 2022 lesus
519 1967 701 2024 confortavit
733 1987 804 2024 suos
829 1967 993 2042 discipulos
1025 1980 1095 2025 ante
1119 1967 1182 2024 eius

200 2067 326 2110 mortem
345 2066 407 2110 tam
425 2053 550 2110 salutari
574 2055 712 2128 exemplo
736 2074 825 2130 quarn
851 2057 953 2127 verbu,
979 2068 1007 2112 et
1031 2057 1087 2111 hoc
1112 2056 1183 2110 luna

159 2140 316 2197 {odecima
356 2154 464 2216 quarta
497 2141 526 2197 in
562 2141 646 2198 cuius
678 2161 802 2216 vespera
832 2141 1050 2199 immolabatur
1073 2160 1182 2215 agnum

198 2241 226 2283 et
259 2227 370 2302 incepit
403 2228 601 2302 solempnitas
635 2229 785 2302 paschalis
809 2248 868 2303 que
893 2229 982 2285 siebat
1011 2229 1083 2285 luna
1108 2230 1181 2295 XIV,

198 2329 229 2370 ut
256 2328 339 2387 patet
355 2314 450 2370 Exodi
474 2316 520 2371 Xl.
545 2317 631 2372 Tunc
655 2329 755 2372 autem
782 2315 836 2371 luit
860 2330 980 2389 tempus
1003 2334 1182 2389 congruum,

198 2415 229 2456 ut
255 2416 321 2475 post
346 2401 592 2459 immolacionem
611 2403 705 2476 figure
723 2402 933 2459 immolaretur
950 2402 1091 2459 dominus
1109 2402 1182 2475 ligu-

199 2502 289 2550 ratus.
328 2508 388 2545 non
423 2488 537 2546 inscius
569 2509 623 2546 nec
648 2489 868 2547 involuntarius
892 2492 944 2546 sed
969 2509 1001 2546 er
1025 2489 1182 2564 sapientis·

159 2575 273 2631 risima
300 2575 534 2649 preordinancia
559 2577 611 2633 uei
637 2590 750 2647 eterna,
774 2591 802 2633 et
826 2577 868 2634 ita
893 2597 952 2634 non
978 2596 1010 2633 ex
1035 2577 1125 2646 facto,
1151 2589 1183 2632 ut

198 2662 301 2719 dicunt
326 2662 461 2734 heretici,
494 2666 546 2720 sed
571 2683 604 2720 ex
627 2663 813 2738 presciencia
842 2679 955 2735 eterna,
989 2678 1021 2720 ut
1051 2676 1183 2720 transeat

197 2752 235 2805 ad
269 2764 384 2823 patrem
424 2753 588 2807 secundum
623 2751 844 2808 humanitatem
879 2751 1039 2825 dupliciter
1071 2750 1183 2824 glorifi-

199 2839 338 2897 eandam.

242 2922 280 2981 Et
305 2926 577 2998 correspondentes
594 2927 630 2982 ad
649 2925 738 2982 istam
763 2925 948 2982 sentenciam
975 2924 1047 2981 dicit
1071 2938 1182 2981 textus:

156 3029 188 3064 20
198 3011 272 3066 Ante
295 3012 369 3066 diem
403 3024 498 3067 aretem
518 3014 633 3088 festum
658 3013 770 3068 Posclre
796 3013 889 3069 sciens
911 3013 995 3069 Jerus
1017 3012 1084 3089 prtia
1110 3013 1184 3068 verrit

198 3098 273 3152 liora
297 3098 357 3154 eius
389 3109 420 3153 ut
454 3110 585 3156 transeat
620 3101 655 3154 de
683 3100 737 3156 hoc
765 3102 872 3155 mrmdo
895 3101 935 3154 ed
954 3111 1081 3177 patrem,
1119 3118 1183 3156 cum

102 3186 166 3252 432»,
199 3185 351 3241 dilexisset
373 3204 441 3241 siros
457 3187 604 3261 quierant
628 3188 655 3241 in
680 3189 798 3258 intendo,
823 3188 850 3242 in
866 3187 959 3264 finem
981 3184 985 3267 Ι
1007 3186 1109 3243 dilexit
1126 3205 1184 3243 eos.

198 3272 237 3327 Et
275 3291 343 3327 ceno
368 3274 455 3347 seclo
494 3292 558 3330 cum
585 3274 717 3329 diabolus
750 3275 874 3330 misisset
896 3275 924 3329 iu
962 3293 1013 3331 cor·
1039 3275 1122 3342 lude,
1155 3285 1185 3329 ut

197 3351 330 3415 traderet
353 3378 416 3415 eum
432 3361 525 3417 „ludas
548 3361 674 3417 Sirrronis
690 3362 861 3431 Scariotlri5‚
884 3362 977 3419 sciens
998 3362 1065 3437 quia
1090 3361 1185 3416 onmia

157 3446 277 3501 rsdedir
301 3447 328 3501 ei
346 3458 436 3522 pater
468 3448 495 3502 in
528 3466 630 3503 uranus
661 3467 730 3505 siras
758 3460 784 3503 et
812 3449 889 3523 quod
911 3468 927 3504 a
952 3449 1016 3505 Deo
1045 3448 1136 3504 exivit
1159 3459 1185 3504 et

198 3534 238 3587 ud
261 3533 355 3589 Deion
382 3535 471 3602 rodit,
502 3535 600 3611 surgit
628 3554 644 3589 α
679 3555 747 3592 ceno
779 3548 805 3590 et
825 3535 907 3611 pettit
931 3536 1098 3591 vestimenta
1121 3553 1184 3590 sua

242 3624 339 3693 Super
375 3641 435 3694 quo
464 3622 663 3694 Augustinus:
706 3622 782 3677 Certa
808 3623 929 3678 Dorrrini
955 3623 1112 3679 secundum
1135 3622 1185 3678 Jo-
1231 3630 1368 3685 Angustiae.

199 3708 321 3763 hannem
346 3710 501 3764 adiuvante
524 3710 585 3784 ipso
610 3709 711 3765 debilis
734 3721 775 3765 ert
803 3710 979 3785 explicanda
1003 3709 1184 3779 tractatibtu,

199 3806 225 3849 et
250 3808 279 3850 ut
303 3796 383 3850 nobis
412 3814 499 3871 posse
523 3797 674 3852 <irritaverit
709 3798 905 3871 esplanendo.
940 3797 1185 3866 Festinantem,

251 4092 270 4136 3.
286 4095 320 4137 A:
335 4094 359 4136 in
374 4093 421 4136 illis
430 4094 538 4149 quinque.
593 4106 613 4147 7.
630 4097 663 4138 A:
679 4094 750 4138 ducit.
808 4094 829 4139 8.
844 4096 878 4139 A:
892 4092 1045 4191 togorma&
1100 4105 1134 4149 27.
1149 4097 1182 4138 A:

199 4157 244 4201 quo
258 4147 335 4197 deest3
355 4147 386 4188 ib.
401 4148 424 4189 A
438 4146 461 4188 in
478 4159 566 4201 marga:
586 4148 737 4205 Augustinus.
814 4146 904 4201 28-29.
968 4146 1184 4190 tractatibus-ex·

198 4197 320 4251 planando
335 4198 408 4241 deest.

254 4338 294 4373 20.
316 4324 376 4374 Jolr.
405 4324 469 4385 xm,
503 4341 575 4388 1-4.
677 4340 717 4390 27-
744 4329 769 4376 S.
794 4326 930 4389 Augustini
952 4327 978 4374 in
1000 4325 1060 4375 Joh.
1085 4326 1176 4391 Erang

200 4409 257 4457 cap.
275 4394 340 4444 Xlll.
360 4394 448 4443 Tract.
465 4395 519 4443 LV.
539 4396 609 4462 Opp.
629 4397 669 4457 lll,
691 4412 713 4458 2,
733 4412 791 4461 pag.
810 4395 869 4446 653.
