3098 5130
164 536 230 580 cur.
246 522 362 605 susus]
455 540 499 588 uu
523 538 759 588 surtcnursro
780 539 843 587 mu
863 540 879 587 t.

164 712 205 757 est
229 720 269 756 eo.
296 701 376 757 Sicut
397 712 463 757 sunt
487 700 572 756 multi
594 700 643 776 qni
667 699 802 754 uidentur
825 699 938 773 quidem
964 712 1014 756 arat
1038 720 1153 756 nmnsn-

164 789 202 845 eli
224 799 273 843 ant
290 789 412 844 humiles
436 806 507 849 esse,
531 789 583 843 sed
600 787 665 862 quia
689 804 745 842 non
761 797 827 841 sum
843 787 895 842 ltee
915 798 1040 862 propter
1056 788 1152 844 Deum

165 877 299 930 uideatur
331 894 392 932 esse
414 875 525 950 aliquid
547 876 662 945 bonnm,
697 892 752 929 non
776 884 872 928 aretem
897 885 949 941 est,
987 875 1052 948 qnia
1076 877 1153 949 qtrod

165 982 220 1019 non
244 973 286 1017 est
309 980 348 1018 ex
362 962 428 1039 fide
447 973 598 1037 peccatum
623 973 674 1018 est.
700 963 763 1016 blec
787 959 1003 1017 Crisostomus.

141 1067 153 1115 5
208 1049 336 1105 Videtur
369 1049 460 1105 istum
494 1062 632 1106 sanctum
657 1047 768 1104 sentire
792 1049 875 1122 quod
899 1048 950 1122 qui
976 1068 1036 1104 non
1061 1050 1151 1106 habet
1169 1058 1203 1118 tle
1218 1060 1271 1101 utto
1286 1060 1306 1101 is
1321 1067 1360 1101 not

166 1137 318 1193 Christum
344 1136 374 1193 in
399 1136 502 1211 gracia
520 1135 664 1211 quicquid
682 1134 752 1192 boni
770 1135 883 1195 fecerit.
909 1155 970 1192 noo
995 1150 1038 1192 est
1063 1123 1361 1206 meri-112i.{³‘1{¹g“m⁶ssf¹{1,

166 1224 277 1281 torium
311 1223 371 1281 sive
404 1223 508 1295 virtus,
548 1223 619 1298 quia
653 1242 720 1279 curn
746 1222 882 1278 Christus
916 1222 953 1279 sit
978 1223 1072 1279 virtus
1098 1224 1150 1281 Dei

166 1326 195 1368 et
218 1311 249 1368 in
272 1312 370 1368 forma
396 1311 461 1381 Dei,
500 1324 621 1385 oportet
644 1311 725 1385 quod
760 1328 882 1366 omnem
908 1324 1009 1367 actum
1035 1312 1148 1367 bonum

166 1398 297 1455 hominis
330 1398 504 1455 denominet
536 1398 714 1454 virtuosum.
757 1399 793 1451 Et
828 1410 910 1470 patet
943 1417 1011 1454 curu
1036 1414 1151 1473 quanta

127 1486 324 1560 todiligencia
356 1487 507 1543 laboraret
534 1485 631 1542 viator
664 1486 700 1541 ad
725 1483 767 1540 sic
792 1484 962 1541 habendum
994 1485 1148 1542 dominum

163 1577 263 1630 lesum
287 1572 451 1643 Christum,
477 1592 546 1629 cum
569 1572 632 1628 sine
656 1571 708 1628 tali
734 1569 893 1627 habicione
922 1572 1010 1628 huius
1034 1573 1149 1629 domini

166 1660 239 1716 nihil
264 1662 363 1717 habet.
391 1659 422 1716 Si
447 1660 527 1716 enirn
549 1662 722 1716 conducens
746 1676 856 1732 equum
881 1678 942 1714 non
968 1659 1040 1716 dicit
1069 1663 1149 1733 quod

166 1750 334 1805 conductus
358 1747 395 1803 sit
419 1765 513 1820 equus
530 1766 600 1803 suus
624 1745 683 1802 nisi
708 1746 785 1802 forte
809 1745 963 1818 equivoce,
988 1745 1030 1803 sic
1055 1748 1150 1803 multo

166 1835 260 1908 magis
285 1834 395 1891 iniuste
412 1853 564 1907 occupans
589 1837 668 1891 bona
687 1833 741 1889 Dei
759 1832 868 1889 iniuste
885 1848 1015 1908 occupat
1040 1834 1147 1893 aliena.

125 1930 153 1980 15
208 1921 352 1996 Sequitur
376 1921 406 1977 in
430 1934 510 1978 textu
535 1920 673 1977 Matthei:
708 1920 747 1975 Et
771 1920 899 1976 inutilem
928 1939 1045 1976 seruum
1070 1922 1151 1978 eicite

165 2021 191 2065 et
214 2009 318 2064 mittite
340 2009 368 2063 in
401 2009 535 2065 tenebras
558 2009 722 2064 exteriores
730 2029 739 2075 ,·
762 2009 821 2063 illic
844 2008 900 2062 erit
916 2007 1008 2085 fletus
1031 2020 1057 2063 et
1080 2010 1149 2064 stri·

165 2098 221 2153 dor
245 2096 385 2151 dencimn.

209 2185 306 2256 Super
330 2202 390 2257 quo
407 2185 600 2255 Jeronymus:
625 2181 769 2236 Dominus
792 2181 888 2236 Imnen
905 2192 965 2251 est‚·
986 2183 1036 2256 qni
1057 2183 1093 2237 ab
1117 2201 1149 2238 eo
1210 2189 1309 2234 Jerome.

166 2272 256 2345 joras
288 2270 413 2325 mittitur
436 2279 516 2325 caret
540 2287 609 2325 uero
640 2268 763 2335 lumine,·
794 2267 863 2342 quid
885 2269 922 2323 sit
946 2279 1041 2324 autem
1058 2268 1149 2346 fletus

123 2382 155 2416 20
165 2370 192 2414 et
214 2358 328 2414 stridor
351 2357 483 2413 dencinm
507 2374 598 2430 snpra
623 2355 760 2411 diximus,
786 2357 848 2410 liec
873 2357 1059 2427 leronymus.

209 2444 413 2501 Crisostomus
430 2456 532 2500 autem
550 2461 641 2516 super
657 2441 714 2497 isto
731 2455 811 2498 textu
836 2441 878 2498 sic
895 2441 1044 2516 loquitur:
1073 2445 1147 2499 Con-
1177 2469 1346 2514 Curvsostom:

164 2533 353 2587 siderandum
386 2542 428 2587 est
452 2530 576 2604 utquid
603 2549 658 2585 non
683 2529 759 2584 dixit
782 2530 810 2584 in
834 2531 969 2586 tenebras
992 2531 1149 2605 inferiores
1190 2519 1298 2619 tte'aninp
1313 2526 1340 2566 ⁰f

1159 2575 1281 2618 ‘outerdar
1299 2577 1368 2619 ress·

165 2620 216 2673 sed
239 2620 267 2675 in
291 2619 425 2675 tenebras
448 2618 621 2674 exteriores.
651 2617 777 2684 Quidam
795 2616 893 2672 dicunt
916 2617 983 2692 qnia
1007 2637 1062 2673 non
1086 2629 1149 2673 tan-

166 2718 224 2761 lum
249 2706 277 2761 in
301 2706 448 2780 infernum
473 2706 610 2761 deorsum
634 2705 686 2760 sed
709 2715 797 2760 extra
814 2705 952 2759 nnmdum
978 2705 1063 2760 istum
1088 2723 1150 2761 esse

123 2793 262 2868 malique
297 2792 531 2848 tenebrosissima
564 2792 628 2849 luca
652 2803 679 2847 et
704 2792 789 2867 ignea
814 2792 842 2845 in
866 2792 967 2865 quibus
987 2793 1151 2866 puniuntur

165 2880 212 2955 qni
243 2880 383 2956 condigni
412 2890 479 2936 sunt
507 2897 593 2954 pena.
639 2880 730 2933 Forte
775 2896 849 2954 ergo
882 2879 946 2934 ideo
984 2878 1060 2934 dixit
1098 2897 1150 2935 ex·

165 2968 288 3023 teriores
311 2967 445 3023 tenebras
472 2977 500 3021 et
527 2985 583 3021 non
607 2966 773 3040 inferiores.
810 2964 870 3040 Qui
891 2965 1057 3022 considerat
1080 2985 1149 3042 quo-

165 3055 251 3111 modo
283 3072 403 3128 sequens
433 3053 579 3128 parabola
614 3053 757 3127 parabole
788 3052 854 3107 huic
879 3054 1050 3128 precedenti
1082 3072 1149 3110 eon-

165 3141 259 3197 irmcta
276 3154 319 3198 est
341 3153 367 3196 et
384 3140 527 3215 quomodo
545 3159 619 3215 pars
641 3150 682 3195 est
702 3139 846 3214 parabole
868 3139 961 3210 hrains,
986 3158 1036 3195 nec
1059 3141 1148 3196 eciam

123 3228 287 3284 30alterius
319 3228 364 3282 rei
390 3227 536 3302 parabola
569 3238 610 3282 est
634 3226 690 3282 nisi
720 3226 819 3301 ipsine,
853 3243 907 3281 mm
940 3227 1001 3283 sine
1033 3227 1150 3283 racione

167 3315 289 3389 requirit
321 3332 355 3370 ne
370 3315 457 3388 sorte
479 3315 557 3389 quod
580 3332 635 3370 non
658 3313 715 3369 ait:
753 3314 823 3369 Post
855 3314 977 3368 rrtnltum
1009 3314 1151 3389 temporis

167 3403 281 3459 veniens
305 3402 439 3458 dominus
469 3419 623 3458 seruorum
657 3402 775 3456 illorum
801 3401 898 3474 posuit
922 3418 986 3456 cnm
1011 3400 1051 3456 eis
1074 3402 1149 3456 raci-

166 3507 265 3557 onem;
288 3509 342 3545 non
367 3491 403 3545 de
422 3490 548 3544 secundo
564 3490 690 3543 aduentu
707 3488 784 3555 dicit,
807 3488 922 3562 quando
947 3499 1085 3543 uenturus
1109 3500 1151 3543 est

166 3593 230 3631 cum
255 3576 405 3632 maiestate
419 3576 471 3631 sed
494 3577 529 3630 de
544 3576 668 3630 aduentu
688 3592 743 3650 quo
758 3575 935 3648 frequenter
957 3575 1028 3630 solet
1053 3575 1151 3630 uenire

123 3666 154 3718 35
166 3664 205 3717 ad
221 3680 320 3718 omnes
335 3662 509 3718 christianos
525 3662 625 3737 quibus
639 3661 775 3738 graciam
800 3662 879 3717 dedit
901 3679 951 3717 sue
974 3662 1151 3739 cognitionis

166 3760 194 3805 et
217 3749 333 3805 discutit
357 3767 405 3805 eos
428 3759 455 3804 et
475 3749 558 3823 ponit
581 3749 726 3804 racionem
751 3766 814 3803 cnm
839 3749 888 3819 eis,
920 3759 951 3803 ut
974 3749 1079 3804 indicet
1103 3768 1150 3805 eos

167 3847 194 3892 et
217 3837 306 3893 iustos
328 3837 363 3892 ab
387 3835 491 3910 iniquis
514 3835 670 3902 discernat,
697 3835 771 3891 sicut
792 3836 980 3911 exposuimus
1007 3855 1098 3911 supra
1122 3836 1150 3890 in

219 4120 238 4162 3.
255 4122 289 4162 A:
305 4118 396 4171 aliquid
410 4118 486 4177 dec-su
502 4118 518 4159 tt
535 4118 557 4160 in
573 4129 646 4175 muru
662 4116 740 4177 addit..
804 4118 822 4159 5.
845 4118 865 4158 A
881 4118 904 4158 iu
921 4130 1006 4176 ripere:
1021 4118 1149 4160 ,lebannes

166 4173 244 4216 13.A:
264 4176 514 4231 equussuustssce..
567 4180 598 4212 ιο.
618 4131 778 4231 intruere.
827 4170 957 4229 .¹⁸¹.¹¹¹¹¹
978 4181 1063 4229 isturgi:
1082 4169 1149 4213 lero·

166 4237 253 4320 ppmup.
290 4282 297 4318 t
322 4222 589 4325 18.Coddprquraab}‘
640 4220 921 4327 15›.L‹·dd3:¹‹purgsrt.t
951 4232 982 4263 22.
1000 4224 1032 4263 A:
1048 4226 1149 4265 mtene-

193 4289 219 4320 αι
251 4289 305 4319 ees.
382 4287 418 4325 24.
462 4286 671 4330 :ememernum
739 4285 770 4315 e.
811 4287 816 4314 :
848 4285 909 4315 onun
922 4285 958 4314 ur.

223 4404 260 4452 15.
280 4402 370 4452 blattlt.
389 4401 466 4461 XXV,
487 4400 527 4448 io.
595 4398 633 4448 18.
652 4400 756 4448 conam.
777 4400 802 4446 iu
822 4397 912 4447 Matth.
934 4400 949 4447 l.
969 4414 991 4446 e.
1011 4414 1069 4462 prag.
1091 4402 1149 4448 208.

168 4488 207 4522 21.
227 4476 278 4538 (tp.
299 4474 363 4538 lmp.
382 4472 398 4521 l.
418 4487 439 4520 c.
459 4486 517 4535 pag.
536 4468 595 4535 967.
673 4471 713 4519 31.
733 4467 823 4516 Mattlt.
844 4469 932 4527 svnt,
953 4470 994 4519 23.
