3098 5130
612 488 702 538 OPUS
720 489 972 539 EVANGELICUM
994 489 1057 538 ΗΒ.
1077 489 1118 538 ΙΙΙ.
1180 471 1262 554 [CAR
1277 483 1359 529 XLVI-

417 648 504 704 Unde
532 665 643 721 magna
675 661 719 705 est
743 649 861 705 cautela
894 647 1005 706 diaboli
1041 649 1123 723 quod
1147 662 1266 706 excecat
1290 648 1360 706 sim-

375 733 467 808 plices
492 734 522 790 in
546 734 606 792 fide
630 748 692 792 tarn
709 748 885 810 sumptuose
909 736 1070 793 defendere
1094 749 1123 793 et
1146 755 1246 793 emere
1271 735 1359 794 istarn

166 816 349 923 titieiiurbtleaiise
374 821 503 878 heresim
536 841 729 884 venenosam.
769 824 855 880 Unde
893 841 957 879 non
990 823 1101 880 mirum
1135 823 1158 880 si
1190 826 1269 880 Deus
1298 842 1361 881 non

205 923 266 966 from
281 922 305 965 it.
374 908 516 966 exaudiat
540 912 577 967 ad
601 911 728 967 salutem
746 909 874 968 istorum
899 909 1068 966 infidelium
1093 928 1198 985 preces
1221 929 1291 968 suas
1314 911 1360 967 vel

373 1012 478 1069 preces
510 999 701 1055 sacerdotum
736 1010 787 1054 aut
811 997 1008 1072 prelatorum,
1042 997 1093 1072 qui
1126 997 1156 1054 in
1180 997 1237 1054 ista
1262 996 1386 1055 heresi5

372 1096 442 1139 sunt
479 1083 583 1145 cecati.
626 1086 713 1142 Unde
756 1083 965 1158 prenosticant
1007 1084 1130 1159 quidam
1163 1085 1360 1158 probabiliter

373 1172 456 1244 quod
489 1189 583 1245 regna
614 1191 676 1230 non
701 1185 788 1229 erunt
826 1170 857 1228 in
888 1190 963 1246 pace
995 1172 1041 1229 vel
1069 1171 1195 1229 caritate
1226 1173 1273 1229 vel
1295 1171 1360 1228 sine

372 1257 549 1316 tnrbacione
563 1259 700 1336 notabili,
711 1261 781 1315 dum
795 1258 850 1316 ista
861 1258 972 1316 heresis
983 1259 1083 1316 taliter
1093 1258 1182 1316 fuerit
1192 1259 1360 1317 dominata.

213 1341 300 1384 l¹¹¹¹¹¹³¹
417 1347 634 1403 Descendendo
657 1364 729 1420 ergo
753 1348 791 1403 ad
816 1346 974 1404 materiam
1001 1345 1111 1418 fratris,
1135 1345 1253 1403 videtur
1277 1348 1359 1421 quod

162 1393 497 1502 accuiiiiiisolvocatus
529 1433 768 1491 christianismus
797 1433 945 1491 Clementi
974 1432 1169 1491 consenciens
1202 1447 1358 1509 tamquam
1375 1454 1404 1486 10

180 1499 307 1595 (13ssssssssssss
317 1552 344 1594 or
373 1538 452 1594 pape
484 1533 545 1577 tam
580 1523 617 1578 de
655 1521 798 1579 fratribus
836 1540 928 1595 quarn
957 1521 1045 1578 sectis
1078 1519 1144 1577 aliis
1177 1520 1359 1578 consentiret

155 1604 455 1682 rnertvatpopes.quod
488 1607 585 1665 dictus
609 1610 749 1666 Urbanus
772 1607 810 1665 sit
839 1607 1015 1665 manifestus
1049 1607 1210 1680 hereticus,
1235 1621 1263 1666 et
1288 1626 1358 1665 con-

202 1689 204 1693 ’
365 1697 450 1750 'trate
474 1714 534 1769 que
558 1697 681 1753 Urbano
706 1693 903 1753 consenciunt
932 1697 969 1752 de
993 1694 1075 1752 dicto
1100 1696 1257 1752 Clemente
1280 1714 1359 1752 asse-

372 1794 442 1837 runt
466 1784 549 1856 quod
580 1781 644 1857 ipse
667 1783 705 1840 sit
729 1782 878 1840 hereticus
904 1781 1092 1855 manifestus3
1125 1795 1155 1839 et
1176 1800 1231 1856 per
1255 1801 1359 1840 conse·

372 1885 466 1943 quens
497 1868 591 1927 nichil
622 1869 693 1927 facit
726 1869 802 1928 alter
835 1887 939 1927 eorum
979 1888 1012 1927 ex
1050 1869 1107 1927 ista
1142 1869 1239 1927 heresi
1277 1872 1402 1945 apud15

371 1954 609 2030 triumphantem
649 1956 807 2015 ecclesiam
851 1958 940 2014 laude
976 1957 1118 2032 dignum3
1163 1976 1218 2014 nos
1257 1970 1357 2014 autem

371 2057 546 2117 reputamus
563 2057 725 2119 utrumque
748 2043 875 2101 istorum
901 2061 965 2101 esse
989 2044 1167 2120 hereticum,
1192 2046 1263 2100 dum
1287 2044 1359 2101 vivit

371 2129 521 2187 contrarie
545 2130 665 2189 Christo
703 2133 782 2204 Jesu,
821 2144 850 2189 et
883 2150 951 2189 cum
985 2134 1043 2190 hoc
1075 2131 1214 2190 vendicat
1247 2150 1281 2189 ex
1303 2151 1358 2188 suo

370 2216 472 2275 officio
496 2219 579 2292 quod
602 2217 641 2275 sit
664 2218 695 2275 in
719 2218 806 2276 terris
834 2237 971 2276 summus
996 2218 1108 2276 Christi
1136 2218 1266 2276 vicarius
1290 2238 1359 2294 pro-

370 2304 448 2361 xime
472 2323 602 2380 sequens
626 2325 705 2368 eum.
1370 2324 1403 2358 πο

166 2386 263 2431 Neirher
278 2399 340 2443 ΡθΡ0
413 2394 460 2449 Ad
484 2396 727 2468 cognoscendum
753 2407 855 2452 autem
872 2392 896 2450 si
920 2393 980 2450 sint
997 2391 1100 2450 fideles
1124 2393 1200 2450 foret
1224 2391 1356 2449 medium

154 2440 550 2587 200{}ll¹idtri1²ueempiricum
582 2495 721 2538 neutrum
749 2499 854 2538 eorurn
883 2479 1036 2554 suscipere
1061 2493 1219 2555 tamquam
1247 2497 1357 2554 papam

155 2544 311 2640 ffioefcfffif
320 2545 364 2643 1¹3³ss
374 2580 536 2642 antequam
555 2566 645 2625 fidem
663 2587 749 2625 suam
766 2566 948 2625 sufficienter
964 2567 1183 2625 declaraverint
1207 2569 1243 2623 de
1259 2585 1359 2624 sacra·

175 2650 338 2746 enuliii'ems
376 2668 476 2712 mento
500 2654 614 2726 altaris,
647 2658 684 2713 de
715 2655 774 2713 vita
798 2672 932 2729 paupere
961 2667 990 2711 et
1013 2653 1250 2728 exproprietaria
1274 2653 1359 2712 cleri·

186 2754 231 2797 anu
246 2755 336 2800 orders.
374 2760 489 2815 corum,
523 2744 560 2799 de
593 2743 768 2800 extollencia
791 2756 871 2800 secte
895 2740 1007 2798 Christi
1039 2760 1130 2816 super
1162 2754 1259 2799 sectas
1283 2740 1358 2798 alias
1370 2745 1401 2794 25

373 2827 569 2887 introductas.
595 2832 657 2887 Nec
677 2829 765 2887 video
782 2832 864 2905 quod
880 2842 1016 2886 contrate
1040 2847 1073 2886 ex
1096 2827 1157 2886 suis
1188 2828 1358 2902 sumptibus

372 2917 482 2973 debent
504 2929 627 2991 propter
651 2919 708 2974 hoc
731 2919 770 2975 ad
794 2936 871 2992 pape
895 2916 1010 2973 curiam
1037 2917 1177 2973 laborare
1200 2918 1251 2972 sed
1276 2917 1358 2990 quod

370 3004 471 3060 nullus
488 3003 614 3061 clericus
639 3018 796 3079 promotus
820 3003 851 3061 in
874 3022 968 3078 regno
992 3002 1095 3078 aliquo
1120 3022 1153 3061 ex
1177 3002 1357 3061 auctoritate

371 3090 495 3147 alterius
519 3109 597 3166 pape
629 3091 667 3148 sit
690 3106 832 3166 acceptus
864 3090 895 3147 in
924 3092 1031 3148 eodem
1056 3108 1160 3165 regno,
1192 3103 1356 3164 antequam

370 3177 524 3235 sufficiens
552 3177 760 3236 testimonium
793 3181 831 3236 ab
863 3178 916 3235 illo
940 3197 1020 3252 papa
1043 3176 1200 3235 adduxerit
1229 3196 1284 3252 pro
1308 3180 1358 3233 de·
1370 3184 1402 3231 30

370 3264 541 3323 claracione
573 3264 643 3323 fidei
667 3265 849 3340 supradicte.
883 3264 914 3322 Si
937 3279 1039 3323 autem
1072 3283 1151 3340 papa
1174 3264 1205 3322 in
1230 3263 1358 3321 materia

370 3351 427 3409 ista
451 3352 611 3410 nesciverit
634 3354 680 3410 vel
702 3351 889 3410 obmutuerit
912 3366 956 3410 est
979 3371 1012 3410 ex
1029 3371 1177 3410 consensu
1199 3366 1357 3426 tamquam

371 3439 521 3498 hereticus
558 3439 727 3515 fugiendus.
760 3443 822 3497 Nec
855 3439 988 3497 dissonat
1012 3439 1126 3498 racioni
1157 3441 1237 3515 quod
1266 3457 1358 3513 regna

373 3527 493 3586 mittant
517 3527 642 3585 clericos
666 3546 734 3584 suos
758 3540 915 3602 promotos
938 3529 976 3584 ad
1000 3525 1124 3602 pinguia
1148 3525 1295 3584 beneficia
1325 3544 1358 3583 ex

371 3615 541 3690 sumptibus
562 3617 727 3673 eorundem
752 3616 790 3672 ad
815 3615 1030 3672 declarandum
1055 3614 1211 3671 veritatem
1237 3632 1254 3670 a
1278 3631 1357 3687 papa
1370 3616 1400 3668 35

371 3720 461 3777 quem
484 3717 643 3779 acceptant
658 3702 758 3760 taliter
773 3715 930 3777 tamquam
948 3703 1064 3759 ducem.
1084 3704 1235 3775 Pauperes
1256 3715 1356 3756 autem

371 3790 537 3864 presbyteri
576 3810 637 3848 non
676 3803 804 3865 possunt
838 3789 926 3846 aliter
958 3790 1056 3847 facere
1089 3787 1120 3845 in
1148 3788 1205 3845 ista
1231 3787 1357 3844 materia

371 3875 428 3933 nisi
454 3877 537 3953 loqui
571 3877 660 3935 iidem
687 3877 741 3934 Dei
766 3890 793 3934 et
817 3890 941 3950 tangere
975 3876 1076 3933 media
1100 3892 1235 3951 perque
1260 3873 1358 3951 regni·

373 3965 438 4021 cole
472 3978 613 4039 poterunt
644 3982 708 4022 esse
745 3964 830 4032 salvi,
868 3963 939 4039 quia
962 3963 1133 4038 principum
1167 3975 1301 4038 potestas
1330 3974 1359 4017 et

373 4069 479 4108 eorum
503 4051 555 4126 qui
579 4065 703 4127 portant
726 4051 858 4124 gladium
888 4053 976 4109 debet
1004 4069 1035 4108 se
1058 4051 1217 4108 extendere
1240 4052 1279 4107 ad
1302 4048 1359 4106 ista
1368 4067 1403 4116 40

374 4138 474 4196 media
497 4139 701 4214 practizanda.

426 4395 448 4438 6.
465 4397 498 4439 A:
513 4396 594 4439 cecati.
676 4407 708 4438 ro.
723 4394 812 4439 Codd.:
826 4394 1042 4438 christianr‘ssr'mar.
1136 4391 1163 4437 rb.
1178 4392 1268 4436 codd:
1282 4391 1355 4435 nichil

372 4447 440 4492 aliud
445 4445 511 4505 sacr't
522 4449 584 4491 alter
595 4458 675 4491 corum
689 4458 718 4489 ex
731 4448 776 4490 ista
789 4447 867 4490 hereri
879 4451 913 4491 er!
927 4478 933 4490 .
950 4478 955 4489 .
972 4479 977 4489 .
