3098 5130
173 474 240 518 ese.
262 460 326 543 vn]
459 480 504 529 nc
523 480 761 531 snstcnmsso
782 483 845 532 ins.
865 483 882 531 1.
1338 475 1375 529 2⁵

174 643 233 696 uult
257 641 352 698 videri
365 642 466 711 iustus,
490 643 581 698 eciam
605 644 722 700 lutmilis
746 645 880 700 uidentur
895 646 930 699 ab
947 645 1022 700 aliis.
1052 646 1163 713 Quanti
1186 659 1233 702 Not
1247 671 1291 702 our
1306 660 1370 713 place

174 729 247 783 euim
284 740 350 784 sunt
382 729 501 804 superbi
522 731 572 805 qui
593 748 719 806 corpore
746 731 859 806 quidem
883 731 912 786 in
935 732 1092 788 novissimo
1116 711 1379 807 re·³¹b¹,}¹,b¹0⁰„¹ss¹{,¹.¹ff[⁵'

173 815 317 877 ctnnbnnt‚
349 816 448 873 cordis
481 804 577 873 autem
608 819 736 875 elacione
768 819 902 874 uidentur
928 818 984 874 sibi
1008 820 1036 874 in
1070 838 1161 876 cornu

173 903 364 959 recumbere?
385 904 425 959 Et
448 905 548 978 quanti
571 916 637 961 sunt
660 906 783 962 humiles
805 905 833 960 in
857 924 947 962 cornu
967 907 1163 963 recumbentes

149 995 198 1044 5et
222 991 396 1047 consciencia
420 1009 450 1047 se
472 992 641 1048 existimant
670 993 699 1048 in
722 993 823 1049 ultimo
851 994 935 1050 esse?
966 994 1044 1061 Quia
1067 995 1164 1071 ergo?

176 1076 255 1133 lleus
276 1078 398 1153 spiritus
430 1097 485 1135 non
518 1079 557 1134 ad
588 1098 705 1135 carnem
730 1080 858 1154 loquitur
880 1081 933 1137 sed
955 1081 995 1135 atl
1016 1081 1161 1156 spiritum.

178 1165 255 1219 Caro
287 1166 361 1221 enim
393 1166 530 1241 spiritum
555 1184 610 1223 nou
634 1166 779 1245 intelligit,
809 1167 919 1223 dicente
941 1168 1097 1242 Apostolo:
1132 1169 1165 1223 Si

174 1253 236 1325 quis
268 1253 433 1327 spiritualis
464 1264 518 1322 est,
554 1254 631 1310 inter
663 1272 714 1311 uos
763 1265 923 1332 cognoscat
969 1273 1023 1329 que
1066 1255 1163 1311 scribo

175 1339 262 1409 uobis,
295 1341 360 1414 quia
392 1341 514 1396 Domini
543 1352 609 1397 sunt
641 1343 791 1398 mandata.
826 1341 859 1396 Si
880 1358 955 1420 ergo
978 1341 1099 1417 spiritus
1122 1343 1163 1398 ed

136 1427 307 1501 suspiritum
341 1427 420 1499 aicit,
452 1427 659 1504 spiritualiter,
691 1446 747 1485 uon
780 1429 941 1485 carnaliter
976 1428 1054 1484 dicit.
1095 1429 1161 1484 Nou

173 1514 247 1569 enim
272 1525 383 1571 tautum
414 1527 499 1571 curat
522 1517 603 1573 Deus
627 1516 676 1572 ubi
697 1534 804 1590 corptts
827 1515 951 1571 ltominis
974 1516 1076 1587 iaceat,
1111 1517 1163 1572 sed

173 1601 200 1655 in
224 1619 280 1676 qua
300 1614 389 1677 parte
412 1603 589 1660 consciencie
611 1622 692 1660 niens
714 1604 752 1659 sit
780 1604 932 1660 collocata.
966 1603 1053 1681 Ergo
1085 1604 1163 1679 quod

173 1688 248 1743 iubet
271 1689 415 1746 Dominus
438 1708 490 1746 nos
512 1690 540 1745 iu
565 1691 666 1748 ultimo
691 1690 753 1746 loco
777 1692 955 1761 recumbere,
988 1708 1044 1746 nou
1067 1691 1161 1746 solum

174 1786 203 1830 ut
235 1794 360 1850 corpore
392 1778 420 1832 iu
449 1777 604 1834 novissimo
636 1778 783 1834 iaceamus
814 1779 865 1834 sed
896 1778 987 1833 eciam
1010 1777 1108 1834 animo
1132 1790 1162 1833 ut

134 1863 344 1920 tsnovissimos
376 1883 427 1921 nos
459 1882 520 1921 esse
551 1864 677 1921 omnium
702 1864 868 1921 iudicemus.
898 1865 966 1920 Sine
988 1882 1074 1921 causa
1099 1866 1161 1921 loco

173 1968 204 2006 se
226 1951 360 2006 ltumiliat
383 1953 432 2026 qui
453 1953 542 2008 corde
563 1970 595 2008 se
614 1954 741 2028 prefert.

220 2038 302 2093 Unde
333 2056 388 2094 uon
421 2039 567 2114 vituperat
597 2056 646 2095 eos
679 2040 730 2115 qui
760 2040 788 2094 in
818 2039 917 2114 primo
952 2038 1015 2095 loco
1048 2057 1160 2095 recum-

174 2126 242 2180 bunt
264 2127 316 2181 sed
339 2127 460 2201 eosqui
480 2136 580 2181 amant
600 2126 714 2201 primos
737 2127 891 2196 recubitus,
920 2127 960 2181 ad
984 2126 1159 2182 uoluntatem

175 2213 418 2288 uituperacionem
443 2214 585 2288 reserens,
609 2232 664 2270 non
688 2215 727 2268 ad
743 2214 871 2287 sactum.

132 2315 163 2349 20
218 2300 257 2355 Et
279 2300 472 2356 salutaciones
494 2301 521 2354 in
538 2302 623 2375 soro.
649 2301 766 2356 Primas
781 2300 973 2356 salutaciones
989 2317 1044 2355 nou
1064 2299 1158 2356 solum
1192 2294 1350 2390 Sgalss‘gsbgfh

174 2387 201 2441 in
225 2399 356 2463 tempore
377 2389 429 2445 sed
453 2388 543 2444 eciam
568 2389 595 2442 in
620 2406 699 2460 noce,
737 2407 792 2443 non
823 2387 916 2443 solum
949 2388 977 2441 in
1009 2405 1078 2442 uoce
1107 2388 1159 2442 secl
1223 2401 1322 2443 honour.

175 2475 265 2530 eciam
290 2476 469 2551 incorpore,
493 2475 590 2546 idest,
614 2493 670 2531 non
693 2475 786 2531 solum
804 2474 831 2529 iu
849 2492 974 2549 corpore
995 2475 1047 2529 secl
1070 2473 1160 2530 eciam

175 2563 202 2616 in
226 2564 300 2633 loco,
323 2563 353 2617 id
376 2574 427 2634 est,
452 2580 507 2617 nou
530 2563 624 2618 solum
648 2563 772 2640 exigunt
795 2573 826 2617 ut
845 2561 932 2636 prius
955 2560 1021 2616 illos
1053 2561 1160 2616 salute-

175 2668 249 2719 mus,
280 2651 333 2705 sed
364 2650 453 2705 eciam
488 2667 552 2705 cum
586 2668 655 2706 voce
683 2651 857 2705 clamantes:
884 2650 945 2704 Aue
968 2646 1069 2703 Rabbi.
1095 2648 1160 2704 Non

133 2738 267 2801 25solum
292 2738 346 2792 ltoc
369 2738 420 2793 sed
444 2737 532 2792 eciam
560 2736 655 2813 flexis
676 2737 799 2814 genibus
832 2747 858 2791 et
882 2735 1024 2811 capitibus
1047 2734 1162 2791 nudatis

176 2835 201 2879 et
224 2825 252 2879 in
273 2824 390 2898 publico
414 2824 454 2879 aa
475 2842 571 2901 genua
595 2841 695 2879 eorum
721 2842 773 2880 nos
796 2824 988 2879 incurvemus.

218 2911 257 2966 ls't
275 2911 376 2968 uocari
389 2913 424 2967 ab
444 2911 606 2967 hominibus
621 2912 723 2977 Rabbi,
744 2911 774 2966 id
793 2922 845 2983 est,
865 2910 965 2967 uocari
981 2908 1089 2980 nolunt,
1106 2927 1161 2964 nou

175 3017 243 3056 esse.
259 3000 370 3054 Nomen
387 3008 525 3074 appetunt
541 3009 568 3054 et
577 2998 707 3075 officium
721 2997 884 3075 negligunt.
907 2997 1059 3065 Quomodo
1065 3007 1162 3071 potest

175 3104 236 3141 esse
252 3087 405 3163 magister,
429 3086 478 3160 qui
493 3085 666 3161 discipulum
683 3103 738 3141 non
755 3085 863 3141 ltabet?
886 3085 935 3140 Da
951 3103 1025 3161 ergo
1042 3101 1161 3159 operam

134 3184 201 3239 30et
225 3173 350 3229 inuenies
365 3174 515 3247 fructum,
538 3173 662 3247 adquire
684 3171 842 3247 discipulos
875 3183 902 3228 et
926 3182 986 3228 esto
1010 3171 1160 3248 magister.

225 3261 280 3316 Vos
302 3271 397 3316 autem
421 3261 509 3316 nolite
532 3260 634 3316 uocari
656 3260 759 3329 Rabbi,
782 3259 917 3334 nequod
939 3259 1003 3315 Deo
1032 3259 1161 3327 debetur,

81 3367 142 3427 407³
176 3348 255 3404 uobis
276 3343 279 3428 l
297 3348 484 3422 presumatis.
507 3347 606 3403 Nolite
628 3357 655 3402 et
678 3347 752 3404 alios
775 3363 881 3403 vocare
904 3345 1007 3416 Rabbi,
1031 3364 1066 3401 ne
1089 3345 1161 3400 diui-

176 3454 241 3489 mnn
276 3437 414 3491 ltonorem
448 3433 611 3490 hominibus
644 3434 794 3509 deseratis.
836 3434 915 3489 Unus
946 3444 988 3489 est
1020 3433 1163 3510 retegister·

176 3522 302 3577 omnium
335 3522 384 3596 qui
414 3540 512 3578 onmes
544 3521 674 3577 homines
705 3520 883 3577 naturaliter
906 3521 998 3575 docet.
1032 3519 1065 3573 Si
1087 3520 1161 3574 enim

135 3611 261 3674 1÷5ltomn
294 3610 437 3665 lnnninem
470 3608 613 3681 erudiret,
645 3627 744 3664 omnes
778 3607 906 3664 homines
940 3607 1083 3663 discerent
1115 3607 1163 3679 qui

176 3698 280 3752 liabent
313 3698 455 3753 doctores.
489 3697 574 3751 Nunc
606 3707 701 3751 autent
724 3695 790 3772 quia
815 3695 900 3750 ltomo
927 3713 982 3748 iton
1007 3694 1089 3749 docet
1111 3693 1163 3748 sed

177 3785 267 3855 lleus,
291 3784 375 3839 multi
395 3784 510 3859 quidem
528 3785 678 3856 docentur,
700 3783 789 3858 pauci
803 3793 899 3837 autem
917 3781 1040 3837 discunt.
1064 3781 1162 3835 Homo

176 3872 249 3927 enim
274 3891 329 3927 uon
354 3872 528 3927 intellectum
550 3880 665 3947 prestat
689 3869 799 3925 bomini
821 3869 959 3940 docendo,
983 3869 1035 3924 sed
1060 3885 1076 3921 a
1099 3867 1161 3921 Deo

228 4123 250 4161 4.
267 4110 300 4152 A:
316 4109 477 4152 recumbentes.
554 4121 580 4152 11.
596 4108 626 4150 B:
642 4107 702 4150 enim
717 4107 775 4149 etin
792 4117 879 4159 marg.;
894 4105 925 4147 ib.
943 4103 972 4146 lt:
988 4108 1075 4148 tantum
1089 4104 1161 4146 deest.

178 4159 207 4203 13.
222 4164 255 4203 A:
270 4173 312 4204 nos
326 4162 396 4203 deest.
473 4173 505 4212 ¹4·
520 4163 554 4204 A:
570 4162 593 4203 in
608 4170 709 4214 corpore
722 4160 761 4209 t'n;
775 4159 806 4201 ib.
821 4160 855 4202 A:
870 4157 956 4200 sedet.
1025 4156 1104 4209 tb-17.
1125 4158 1160 4198 A:

176 4215 228 4255 loco
247 4226 304 4255 se-
312 4215 389 4268 primo
405 4213 475 4256 deest.
576 4214 607 4256 ui.
631 4213 660 4254 tt:
685 4224 710 4254 se
732 4212 802 4254 deest.
884 4208 917 4251 23.
937 4211 970 4251 A:
992 4208 1017 4250 it
1037 4214 1070 4250 est
1091 4209 1161 4251 deest.

177 4266 210 4307 25.
226 4268 258 4307 A:
272 4265 340 4317 flexis
352 4266 452 4321 genibus
467 4273 488 4308 et
503 4266 577 4311 deest:
597 4265 628 4306 ib.
649 4264 811 4357 Bgvcapitilvus
824 4262 920 4322 nubatis
935 4262 1005 4303 deest.
1082 4272 1116 4313 27.
1133 4261 1161 4301 lt:

178 4318 203 4358 id
216 4324 249 4359 est
264 4320 335 4360 deest.
411 4318 443 4360 32.
461 4321 494 4360 A:
511 4317 597 4359 uocari.
673 4313 706 4358 33.
748 4314 888 4371 :reseratis

231 4442 254 4487 7.
275 4427 291 4473 l.
312 4428 371 4474 (Ios.
393 4428 459 4486 xtV,
481 4427 520 4488 37.
