3030 5130
125 512 186 554 222
582 509 672 558 OPUS
690 509 942 558 EVANGEIICUM
964 510 1026 558 ΗΒ.
1047 510 1086 558 IlI.
1184 488 1267 577 [CAR
1286 506 1334 548 UI-

134 664 318 770 22¹f,2[3s32<¹rlj‘b’f¹e
344 672 421 727 Illud
443 681 538 725 autem
555 670 656 726 scitote
672 669 748 745 quia,
764 670 790 725 si
811 670 899 725 sciret
924 680 976 725 etc.
1002 670 1239 744 Paterfamilias
1255 672 1332 727 enim

124 769 321 822 nithe-goudium
342 770 384 815 est
409 757 601 832 unusquisque
631 758 788 813 secundum
823 757 950 812 animam
989 757 1016 812 in
1042 757 1128 815 domo
1147 758 1245 833 patris
1273 760 1335 827 sui,-

344 847 404 920 fur
426 855 521 900 autem
547 845 680 900 diabolus
703 855 754 902 est.
780 845 883 900 domus
905 855 1001 899 autem
1019 856 1119 900 nostre
1141 856 1249 901 nature
1264 864 1333 902 cor·

338 950 430 1009 poree
457 943 523 987 sunt
549 932 633 987 ionue
656 950 688 986 os
711 943 737 986 et
759 949 855 1001 aures,
873 931 1010 1006 fenestre
1025 943 1121 987 autem
1139 933 1225 988 oculi.
1252 934 1333 989 Sicut

341 1039 415 1097 ergo
435 1037 493 1095 per
515 1019 617 1074 intutas
633 1030 660 1074 et
674 1020 829 1093 fenestras
845 1019 901 1074 cito
924 1018 1093 1096 ingreditur
1108 1019 1187 1075 latro
1211 1030 1239 1075 et
1263 1026 1358 1097 spo-5

341 1108 392 1162 liat
421 1105 683 1183 patremfamilias,
722 1106 763 1160 sic
783 1123 840 1180 per
871 1124 904 1161 os
935 1117 962 1160 et
994 1124 1081 1161 aures
1113 1117 1140 1161 et
1173 1107 1276 1163 oculos
1303 1108 1332 1163 in

341 1194 501 1250 hominibus
516 1193 612 1267 facile
645 1193 750 1248 invenit
776 1193 908 1248 diabolus
931 1193 1109 1249 occasionem
1135 1195 1176 1249 ad
1197 1194 1330 1250 animam

340 1293 367 1338 et
383 1281 464 1357 sacit
492 1299 554 1336 eam
588 1280 749 1354 captivam:
784 1280 859 1345 Quia
891 1280 966 1335 sicut
998 1291 1025 1335 et
1059 1280 1086 1335 in
1109 1281 1238 1337 Ieremia
1273 1283 1333 1338 tale

340 1369 451 1444 aliquid
465 1368 606 1443 scriptum
631 1379 688 1422 est:
712 1367 797 1423 Mors
812 1366 933 1422 intravit
952 1385 1009 1443 per
1023 1368 1178 1442 fenestras
1203 1380 1330 1425 vestras.

341 1457 373 1511 Si
395 1473 470 1532 crgo
495 1455 537 1510 vis
561 1473 622 1510 esse
645 1472 775 1520 securus,
804 1472 880 1529 pone
902 1472 1000 1511 seram
1024 1454 1108 1510 ianue
1131 1466 1189 1524 tue,
1221 1456 1253 1510 id
1276 1468 1329 1526 est,
1345 1479 1374 1511 ιο

340 1544 435 1620 legem
459 1542 574 1598 timoris
602 1541 693 1596 divini
723 1541 771 1596 ori
796 1552 855 1612 tua,
894 1553 924 1596 ut
957 1542 1038 1598 dicas
1068 1560 1132 1597 cum
1163 1543 1330 1618 propheta:

341 1630 430 1686 Dixi:
456 1629 625 1685 Custodiam
644 1628 705 1684 vias
729 1647 817 1699 meas,
844 1639 873 1683 ut
896 1647 952 1684 non
976 1629 1140 1703 delinquam
1171 1629 1200 1684 in
1224 1630 1329 1709 lingua

339 1736 413 1785 mea,
453 1716 541 1792 posui
577 1716 624 1771 ori
655 1734 717 1770 meo
741 1716 913 1771 custodiam.
953 1717 1024 1772 Item
1050 1716 1203 1792 Sapiencia
1228 1717 1330 1773 docet:

343 1804 469 1860 Obstrue
491 1821 579 1858 aures
601 1813 666 1858 tuas
688 1803 787 1877 spinis,
812 1814 842 1857 ut
865 1821 920 1857 non
943 1804 1047 1858 audias
1071 1803 1159 1859 verba
1183 1805 1327 1882 maligna.

339 1893 398 1948 Sed
421 1910 506 1966 quam
522 1890 659 1967 fragiles
682 1901 748 1944 sunt
771 1901 871 1946 nostre
893 1908 968 1958 sere,
991 1890 1047 1946 nisi
1069 1891 1151 1947 Deus
1174 1891 1243 1947 illas
1264 1899 1370 1949 ser-15

340 1979 463 2049 raverit,
488 1978 552 2052 quia
570 1977 625 2033 nisi
641 1977 785 2033 Dominus
801 1977 972 2033 custodierit
988 1977 1142 2050 civitatem,
1166 1978 1195 2033 in
1220 1997 1327 2034 vanum

340 2066 443 2143 vigilat
468 2065 516 2140 qui
546 2064 671 2120 custodit
700 2082 773 2119 eant.
814 2066 964 2142 Rogemus
987 2065 1082 2120 Deum
1111 2065 1229 2141 pariter
1262 2084 1327 2122 cum

335 2153 495 2229 propheta:
520 2152 598 2207 Pone
615 2151 740 2206 Domine
756 2152 915 2207 custodiam
941 2152 988 2207 ori
1002 2170 1064 2207 meo
1088 2163 1116 2207 et
1139 2153 1242 2208 ostium
1269 2154 1327 2209 cir-

338 2239 514 2296 cumstancie
537 2238 621 2294 labiis
644 2239 723 2294 meis.
749 2239 814 2293 Non
840 2239 964 2295 declines
987 2258 1040 2295 cor
1062 2257 1157 2295 meum
1183 2240 1212 2295 in
1236 2241 1327 2297 verba

338 2328 460 2386 malicie.
495 2327 572 2381 Pone
600 2344 684 2382 seras
715 2343 803 2401 super
824 2327 978 2400 fenestras
1011 2327 1162 2382 oculorum
1196 2338 1369 2399 tuorum,2o

338 2426 368 2469 ut
392 2416 472 2470 dicas
507 2432 570 2469 cum
600 2413 760 2469 castissimo
782 2413 854 2468 Iob:
890 2415 979 2469 Posui
999 2425 1201 2470 testamentum
1235 2415 1328 2472 oculis

338 2502 417 2570 meis,
435 2513 465 2556 ut
480 2519 536 2556 non
546 2501 681 2556 sentirem
699 2500 726 2555 in
745 2499 899 2577 virginem.
917 2501 998 2572 Item,
1015 2501 1040 2557 si
1055 2501 1207 2576 concupivi
1216 2520 1326 2579 agrum

334 2588 469 2663 proximi
490 2588 555 2657 mei,
579 2606 635 2664 ego
657 2586 795 2642 seminem
819 2599 846 2642 et
869 2587 921 2642 alii
943 2599 1058 2644 metent.

129 2667 318 2765 {Iv‘fflhfficgje
381 2677 463 2745 Item,
487 2674 551 2749 quia
569 2674 705 2751 fragiles
739 2686 806 2730 sunt
829 2692 894 2730 sere
913 2677 1118 2749 fenestrarum
1144 2687 1325 2745 nostrarum,

291 2754 307 2763 '¹
339 2763 432 2818 Deum
449 2763 614 2818 invocemus
630 2780 694 2817 cum
708 2762 855 2836 propheta
872 2762 1012 2818 Alcentes:
1036 2762 1145 2819 Inclina
1161 2780 1214 2818 cor
1230 2780 1325 2819 meum
1337 2773 1366 2821 25

337 2850 364 2904 in
388 2849 549 2905 testimonia
567 2859 616 2903 tua
633 2861 659 2904 et
676 2866 730 2902 non
754 2849 781 2903 in
806 2849 977 2904 avariciam.
1001 2851 1108 2905 Averte
1131 2850 1230 2906 oculos
1247 2868 1326 2907 meos

337 2955 371 2992 ne
400 2937 515 2991 videant
535 2931 539 3014 Ι
561 2935 727 2990 vanitatem.
771 2936 849 3003 Quia
872 2936 970 3014 ergo?
1007 2936 1106 2992 Nescit
1133 2936 1231 2991 anima
1259 2956 1324 2993 mea
1351 2943 1406 3007 426‘

336 3025 451 3098 quondo
480 3041 537 3098 per
575 3023 644 3078 istos
674 3022 808 3079 introitus
834 3023 894 3097 fur
921 3024 1089 3099 ingreditur
1119 3042 1210 3099 super
1238 3025 1325 3079 eam?

343 3109 416 3166 Vere
453 3110 549 3165 nescit.
590 3110 630 3165 Et
660 3110 774 3185 quidem
808 3110 923 3184 quando
958 3111 1075 3167 ducitur
1097 3111 1137 3165 ad
1160 3121 1323 3186 peccatum,

335 3197 404 3252 scit:
428 3197 542 3271 quando
560 3208 655 3252 autem
678 3197 855 3273 ingreditur,
879 3197 979 3254 nescit.
1005 3198 1072 3253 Ideo
1089 3198 1218 3275 vigilare
1241 3198 1364 3258 debetsso

335 3296 362 3339 et
386 3285 524 3339 claudere
553 3302 651 3339 onmes
683 3284 817 3339 introitus
850 3284 935 3339 istos:
967 3302 1000 3339 os
1028 3284 1141 3358 quidem
1169 3286 1321 3341 narracio-

335 3371 416 3426 nibus
439 3370 556 3439 sanctis,
572 3389 661 3426 aures
674 3371 873 3428 audicionibus
880 3371 948 3446 piis,
972 3373 1072 3426 oculos
1087 3372 1324 3428 consideracione

336 3458 538 3513 mirandorum
569 3476 687 3533 operum
706 3459 764 3513 Dei
786 3469 906 3514 mentem
929 3458 1156 3535 cogitacionibus
1179 3477 1323 3534 occupare

335 3545 494 3600 celestibus.
531 3545 596 3600 Non
626 3545 699 3600 enim
725 3545 834 3621 sufficit
858 3557 888 3600 ut
912 3563 967 3600 non
992 3547 1128 3621 loquatur
1153 3547 1199 3601 ch
1221 3547 1322 3601 audiat

336 3631 381 3687 vel
405 3633 500 3687 videat
524 3632 570 3687 vel
592 3632 701 3710 cogitet
725 3633 811 3687 mala.
848 3633 906 3700 Qui
937 3634 1010 3688 enim
1035 3635 1086 3688 hec
1103 3633 1192 3706 facit,
1217 3633 1322 3689 clausit
1333 3634 1361 3686 35
1405 3645 1406 3648 ’

334 3719 471 3774 introitus
493 3737 571 3788 suos,
595 3731 622 3774 et
646 3719 775 3794 implevit
799 3731 825 3775 et
841 3720 981 3794 oppilavit
1006 3721 1083 3774 malo
1105 3720 1249 3777 adversus
1273 3720 1320 3776 bo-

335 3824 401 3861 num
426 3817 464 3876 ut,
496 3824 531 3861 ne
554 3807 658 3861 lrabeat
682 3807 776 3861 locum
801 3807 968 3862 introeundi
989 3807 1110 3883 spiritus
1132 3807 1239 3877 bonus;
1275 3808 1324 3882 qui

369 4097 401 4146 Ιι.
422 4085 530 4145 Annim
545 4085 609 4128 deest
663 4083 797 4128 3.A:suIs
833 4084 1103 4147 ¹3‚4.l.:carporie.
1184 4087 1320 4145 mamati-

348 4137 524 4187 utddcest;1b.
541 4139 574 4180 A:
606 4137 646 4180 uia
661 4137 724 4180 deest
740 4137 768 4180 B:
784 4139 855 4181 addit.
927 4149 959 4181 22.
975 4137 1005 4181 B:
1021 4151 1045 4180 cn
1059 4139 1132 4181 deest.
1199 4146 1233 4182 πο.
1248 4140 1282 4182 A:
1297 4143 1319 4182 et

332 4150 470 4232 Iesttnom'n.
538 4203 571 4242 27.
587 4150 617 4231 g:
633 4201 682 4232 meo
698 4189 769 4232 deest.
838 4192 871 4233 28.
888 4193 921 4234 A:
936 4191 959 4232 in
974 4203 1032 4233 eam.

383 4296 408 4347 8.
439 4300 489 4347 Jer.
519 4298 559 4358 IX,
592 4313 632 4346 21.
709 4298 863 4347 12.Psalm.
888 4298 1022 4358 XXXVIII,
1049 4313 1072 4347 2.
1184 4314 1222 4362 14.
1247 4299 1316 4349 Eccl.

331 4368 443 4427 XXVIII,
469 4366 509 4416 28.
583 4366 619 4416 18.
643 4368 739 4417 Psalm.
767 4368 877 4427 CXXVI,
904 4384 924 4416 1.
977 4382 1013 4433 ¹9·
1038 4368 1133 4417 Psalm.
1150 4365 1236 4431 ext,
1248 4369 1270 4430 3,
1292 4384 1317 4431 4.

333 4452 374 4486 21.
392 4438 442 4487 Iob
462 4437 550 4498 XXXI,
573 4453 593 4499 1,
612 4436 635 4485 8.
692 4437 732 4486 25.
753 4437 848 4486 Psalm.
868 4437 980 4499 CXVIII,
1000 4436 1040 4499 36,
1060 4439 1102 4501 37.
