3098 5130
386 436 474 483 (mu
495 436 745 485 lautumiarum
772 436 835 486 tm.
855 436 895 486 m.
1004 420 1101 505 [cae.
1120 432 1161 477 vt.

7 645 50 687 ede
65 644 86 687 ts
101 650 125 685 w
197 596 304 654 'lurcio
328 596 446 652 videtur
471 598 552 653 hunc
576 611 714 653 sanctum
740 600 850 655 docere
867 600 949 673 quod
967 600 1159 657 sacerdotes

8 678 130 740 »rethma
155 684 246 739 nostri
280 683 426 757 temporis
459 685 525 757 plus
558 684 712 741 declinant
746 704 763 741 a
794 686 858 760 lege
892 684 1020 743 Domini
1057 706 1156 761 quam

6 750 127 857 chssgssf'w
156 771 227 845 legis
251 771 359 829 veteris
382 772 565 831 sacerdotes.
590 770 661 845 quia
687 772 797 829 hahent
822 770 1013 846 evangelium
1034 774 1156 832 Christi

61 852 67 859 '
154 860 264 915 lectum
286 872 314 915 et
336 857 523 933 predicatum
549 858 742 915 communius
759 879 850 934 quam
877 860 1034 917 habebant
1052 880 1155 921 sacer·

154 948 239 1003 dotes
264 946 305 1003 illi
331 947 525 1020 decalogum:
551 960 579 1003 et
603 959 705 1002 tamen
730 966 835 1003 sensus
859 946 1007 1021 evangelii
1033 966 1100 1007 non
1122 948 1177 1007 in?

154 1034 215 1090 suis
232 1034 382 1092 mentibus
395 1048 439 1090 est
456 1033 629 1107 impressus,
655 1033 740 1091 cuius
756 1053 847 1092 causa
864 1034 984 1092 videtur
999 1036 1152 1111 precipua

154 1124 235 1197 quod
260 1119 319 1178 sint
343 1121 373 1178 in
398 1120 590 1178 solicitudine
615 1135 642 1178 et
667 1120 809 1195 cupidine
833 1119 1051 1197 temporalium
1070 1126 1152 1183 adeo

155 1209 275 1279 evirati;
299 1227 355 1265 nec
379 1207 477 1265 sanari
503 1222 600 1281 potest
624 1209 755 1281 perfecte
778 1210 834 1267 ista
859 1208 1032 1285 infirmae,
1064 1225 1151 1269 ante-

155 1315 245 1371 quam
276 1298 373 1352 clerus
396 1298 626 1370 quodammodo
650 1298 687 1351 ad
712 1296 920 1353 ordinanciam
950 1296 1076 1355 Domini
1110 1297 1150 1355 sit

156 1386 312 1447 reductum
347 1397 374 1439 et
408 1402 475 1439 cum
511 1383 591 1438 istud
626 1396 742 1439 tantum
776 1384 883 1441 odiunt
918 1398 950 1441 ut
983 1403 1192 1453 venenumm

155 1486 237 1546 patet
270 1473 350 1545 quod
383 1470 539 1545 spirituale
572 1489 647 1543 opus
683 1490 716 1526 ex
748 1470 848 1544 gracia
883 1470 936 1528 Dei
966 1474 1005 1529 ad
1039 1472 1147 1531 odium

156 1560 235 1616 istud
255 1556 435 1632 requiretur.
462 1560 562 1615 l’otest
578 1572 678 1614 autem
697 1561 777 1614 Deus
795 1577 915 1615 movere
938 1576 1010 1616 suos
1042 1559 1149 1619 fideles

156 1648 194 1703 atl
220 1646 436 1720 publicandum
463 1644 550 1701 istam
576 1644 762 1702 sentenciam
788 1646 857 1703 licet
874 1645 1070 1721 imperfecte:
1095 1650 1150 1706 sed

158 1734 211 1790 l)ei
235 1748 279 1789 est
303 1752 379 1806 opus
403 1732 483 1788 istud
509 1733 653 1805 perficere
677 1747 706 1789 et
725 1733 823 1791 media
840 1734 917 1790 sicut
934 1732 998 1808 ipse
1014 1734 1150 1793 voluerit

156 1823 311 1896 adaptare.
1164 1836 1191 1871 rr

556 2023 661 2086 CAP.
687 2024 747 2085 VI.

202 2170 344 2244 Sequitur
368 2170 397 2224 in
422 2182 503 2225 textu
528 2170 668 2225 lllatthei:
699 2172 805 2225 Auram
821 2182 916 2227 atttem
929 2170 1046 2246 primas
1064 2190 1153 2229 recti·

159 2259 233 2315 tritas
256 2258 283 2312 ia
307 2258 393 2328 cenis,
415 2257 529 2331 primas
553 2257 710 2313 cathedras
743 2260 770 2313 ia
794 2258 963 2335 &impribus
986 2268 1014 2313 et
1036 2259 1153 2316 saltita-

158 2346 252 2401 cinues
276 2346 302 2399 ia
320 2345 396 2419 forn
420 2356 447 2399 et
472 2345 573 2399 narrari
595 2345 630 2399 ah
654 2346 820 2401 taminiam
836 2346 940 2401 Rabiri.
972 2344 1027 2401 l'os
1049 2357 1152 2404 aretem

161 2433 248 2488 rrolite
272 2432 373 2488 vocari
394 2432 504 2492 Ram,-
527 2450 600 2487 umrr
622 2444 663 2488 est
688 2434 761 2488 etaim
786 2432 929 2509 magister
953 2444 1063 2489 aester:
1087 2448 1199 2491 otu-20

161 2539 210 2576 aes
241 2531 335 2575 autem
370 2536 422 2573 ras
450 2518 572 2592 fratres
603 2520 680 2573 estis.
713 2520 753 2575 Et
783 2532 900 2595 patrem
930 2520 1018 2575 nohte
1040 2538 1154 2579 vocare

162 2606 241 2662 rabis
264 2624 354 2681 strper
377 2617 499 2673 terram,
533 2624 605 2662 tritus
637 2607 710 2662 enim
744 2617 786 2662 est
806 2618 893 2681 pater
918 2618 1021 2676 vester,
1045 2607 1099 2683 qai
1121 2610 1152 2665 ia

161 2695 229 2750 cetis
263 2705 313 2751 est.
349 2694 409 2749 Nec
442 2693 584 2748 vocemini
614 2695 760 2769 magistri,
793 2694 858 2768 qaia
882 2695 1029 2772 magister
1051 2707 1154 2753 vester

162 2800 234 2836 tritas
257 2791 298 2835 est
326 2780 475 2849 Christus,-
509 2781 558 2854 qai
580 2780 675 2834 maiar
698 2794 739 2838 est
764 2792 904 2847 remmam,
936 2782 993 2837 erit
1015 2782 1154 2840 minister

162 2880 265 2924 vester.
302 2868 361 2936 Qui
381 2878 477 2923 autem
508 2886 540 2923 ,re
567 2868 751 2937 exaltarer-it,
776 2868 976 2924 tramitiaairar
998 2868 1100 2945 etqui
1121 2885 1201 2937 se25

163 2956 368 3024 humiliaverit,
392 2955 580 3010 exaltabitur.

0 3060 56 3109 me:
73 3047 144 3091 wan
207 3045 302 3115 Super
341 3061 400 3115 quo
437 3045 630 3115 leronymus:
679 3043 808 3115 (Jamque
843 3042 991 3119 superflue
1028 3042 1155 3101 dilatem

0 3100 136 3196 ρ’ἔῖἰηξῇῐ
160 3130 319 3205 philateria
351 3141 377 3184 et
402 3149 526 3207 magma
540 3131 659 3204 saciant
672 3129 812 3205 fimbrias
845 3130 975 3205 gloriam
999 3141 1157 3205 captantes

1 3208 19 3249 *d
35 3206 126 3249 ΜΝ·
163 3217 198 3271 ab
215 3216 384 3288 lioraiuibas,
407 3228 576 3293 arguamur
595 3213 600 3297 Ι
621 3218 649 3271 ia
673 3216 801 3290 reliquis,
824 3234 877 3271 car
892 3228 1015 3293 querant
1034 3218 1156 3293 primos
1189 3218 1249 3283 4013*

165 3303 309 3360 recutitur
342 3305 369 3358 ia
402 3305 477 3359 cauis
509 3315 535 3359 et
562 3305 677 3379 primas
699 3303 857 3359 cathedras
880 3304 907 3359 ia
930 3305 1100 3382 rrrrragogis
1123 3318 1154 3362 et
1166 3308 1203 3357 30

165 3393 191 3448 ia
222 3390 338 3467 publica
371 3393 473 3468 graham
506 3402 652 3447 sectentur
684 3403 710 3446 et
744 3391 874 3467 gloriam
899 3403 925 3447 et
950 3402 1090 3449 vocentur
1114 3394 1154 3449 ab

166 3478 327 3534 horninibus
351 3479 445 3533 aaliz·
475 3480 551 3553 qamt
575 3479 680 3533 latitia
703 3498 838 3535 sermrme
861 3480 1005 3556 magister
1032 3478 1152 3541 dicitur.

166 3568 296 3642 Denique
318 3567 462 3640 sequitur:
492 3567 547 3621 liu
570 3578 665 3621 amem
690 3566 777 3621 nolite
806 3568 908 3621 mirari
930 3566 1032 3623 Rabhi.
1071 3562 1155 3624 Urius

166 3666 206 3710 ert
230 3655 305 3711 enim
330 3654 474 3730 magister
499 3665 608 3709 vester:
632 3653 670 3708 Et
691 3666 805 3729 patrem
831 3654 918 3709 nolite
942 3672 1048 3710 uacare
1071 3656 1155 3713 uobis

165 3754 403 3818 superterram:
440 3742 518 3795 lium
542 3752 583 3797 est
615 3742 688 3796 eninr
712 3752 797 3815 pater
830 3753 924 3796 aester
956 3742 1005 3816 qai
1031 3741 1059 3796 ia
1083 3742 1203 3801 cetam

167 3840 207 3885 eut
232 3840 282 3884 etc.
317 3829 377 3884 Nec
407 3829 550 3905 rrragister
582 3846 632 3883 aec
652 3840 739 3903 pater
764 3829 909 3883 amantius
936 3840 978 3883 est
1000 3829 1075 3884 alius
1098 3830 1159 3888 hisi

167 3917 248 3973 Deus
262 3926 349 3991 pater
371 3926 398 3971 et
416 3916 558 3971 Ilarairms
582 3928 680 3972 numer
695 3916 778 3971 leuas
793 3915 936 3971 Christus.
961 3916 1061 3987 Pater,
1084 3918 1155 3991 qaia

223 4214 235 4243 ι,
253 4203 272 4244 :l
288 4202 311 4242 iu
327 4210 413 4251 mura:
429 4210 454 4251 3.
548 4210 567 4249 7.
589 4196 617 4237 ll:
633 4200 766 4250 quodnam.
862 4202 881 4239 Ν.
899 4199 932 4239 A:
949 4196 1154 4250 trtustatirmr'tar·

168 4270 190 4307 u.
207 4256 240 4296 rl:
257 4251 441 4295 ardinacr'rmem.
510 4260 542 4301 27.
559 4252 580 4291 A
596 4251 617 4291 iu
634 4262 716 4303 rnatu:
730 4249 876 4306 Jertarymur.

225 4378 332 4444 17-213.
352 4376 441 4427 hluttlr.
461 4376 548 4438 xxtlt,
571 4375 655 4425 ti—tz
709 4382 748 4425 aa.
769 4378 795 4427 ln
813 4376 971 4425 ¹llutthaeum
987 4378 1002 4423 l.
1016 4392 1037 4424 c.
1052 4391 1076 4438 p.
1097 4374 1154 4427 183.
