3098 5130
208 484 276 530 cae.
291 469 430 557 xxxvii]
491 489 537 542 nn
556 489 793 543 mncnmsro
813 491 877 544 ua.
896 491 914 543 t.

208 652 390 710 intencionis
443 652 577 711 hominis
628 653 892 713 coincidentaliter
946 656 1198 731 correspondent,

209 753 292 814 patet
325 741 408 815 quod
440 741 543 798 radius
577 741 680 816 gracie
710 761 773 799 non
811 755 951 817 penetrat
983 761 1074 818 super
1107 745 1198 800 talem

209 828 363 885 hominem
388 827 553 900 irrefracte,
578 842 607 886 et
631 848 700 887 cum
718 829 855 887 Christus
872 831 998 888 mandat
1014 831 1053 888 ad
1076 848 1198 887 sensum

210 915 395 976 contrarium
421 916 503 991 quod
526 918 632 973 oculus
655 931 725 974 tuus
748 916 786 973 sit
809 918 948 993 simplex,
973 919 1031 975 hoc
1054 931 1109 989 est,
1133 917 1199 975 sine

185 1003 289 1077 5plica
322 1001 512 1060 refleccionis
544 1002 613 1062 talis
646 1004 816 1079 culpabilis,
852 1006 924 1081 quia
955 1004 1023 1062 talis
1057 1005 1199 1062 refleccio

209 1090 381 1148 necessario
406 1104 511 1148 causat
533 1094 674 1149 umbram
700 1091 826 1166 peccati,
856 1091 926 1150 ideo
950 1091 1024 1149 dicit
1048 1092 1199 1150 Dominus

211 1178 262 1234 ubi
286 1197 391 1252 supra:
427 1175 462 1235 Si
483 1179 584 1236 oculus
607 1189 674 1235 tuus
689 1180 789 1254 suerit
812 1197 945 1254 nequam,
974 1191 1066 1236 totum
1090 1198 1200 1256 corpus

210 1277 289 1321 tuum
314 1266 496 1322 tenebrosum
521 1267 587 1323 erit.
611 1267 699 1323 Tune
723 1279 824 1323 autem
850 1280 893 1324 est
916 1266 1051 1324 intencio
1074 1266 1199 1325 viatoris

211 1371 354 1427 nequam,
388 1353 511 1427 quando
545 1367 588 1410 est
616 1371 757 1428 perversa
790 1372 807 1410 a
835 1353 931 1427 gloria
956 1353 1011 1411 Dei
1043 1356 1200 1430 querenda

171 1443 249 1498 toad
282 1439 410 1514 gloriam
446 1442 631 1498 mundanam
665 1441 712 1498 vel
745 1441 864 1497 lucrum
899 1441 1057 1516 proprium
1092 1441 1200 1518 adq'ui-

211 1529 349 1597 rendum,
389 1528 441 1584 sed
474 1546 542 1585 cum
578 1530 658 1585 Deus
696 1529 790 1585 homo
824 1547 942 1585 summe
979 1528 1100 1603 sapiens
1139 1548 1199 1586 non

211 1628 311 1690 potest
334 1615 365 1670 in
389 1614 476 1672 istam
501 1613 680 1690 stulticiam,
715 1628 798 1690 patet
822 1617 903 1691 quod
927 1614 984 1672 ista
1008 1616 1115 1690 religio
1137 1635 1199 1674 non

211 1702 366 1760 descendit
398 1722 415 1759 a
447 1715 533 1776 patre
564 1701 715 1759 luminum
749 1703 800 1760 sed
833 1721 851 1759 a
880 1702 1004 1761 diabolo
1026 1705 1200 1761 occultante

211 1790 351 1847 naturale
375 1790 479 1846 lumen
501 1788 653 1847 viancium
677 1788 855 1862 adinventa;
888 1793 940 1846 sed
964 1791 1102 1848 Christus
1127 1791 1199 1848 dicit

172 1879 293 1934 iiluce
315 1878 364 1947 xl,
391 1876 427 1933 35
454 1876 505 1933 ubi
528 1895 633 1952 supra:
656 1877 727 1933 Vide
749 1896 823 1955 ergo
846 1895 882 1933 ne
904 1877 999 1935 lumen
1023 1880 1100 1954 quod
1121 1879 1149 1934 in
1172 1890 1201 1935 te

211 1976 254 2021 est
277 1965 393 2020 tenebre
414 1964 481 2035 sint,
505 1964 563 2020 hoc
579 1978 633 2035 est,
657 1963 725 2021 vide
741 1982 779 2021 ne
800 1964 903 2021 lumen
924 1964 1036 2023 noticie
1052 1965 1199 2023 naturalis

120 2051 184 2115 418⁴
211 2053 258 2108 vel
274 2050 367 2124 gratis
384 2052 452 2108 date
476 2069 493 2107 a
516 2050 615 2126 primo
639 2051 755 2108 lumine
778 2052 817 2109 sit
836 2045 841 2132 Ι
862 2070 917 2127 per
932 2066 1016 2110 tuam
1033 2052 1197 2110 stulticiam

213 2141 414 2210 tenebratum,
448 2137 519 2214 quia
550 2151 584 2196 ut
607 2138 745 2196 Christus
775 2138 848 2196 dicit
875 2139 1003 2197 ibidem:
1038 2142 1070 2196 Si
1092 2158 1200 2217 corpus

213 2237 293 2282 tuum
310 2237 402 2283 totum
420 2225 547 2282 lucidum
563 2226 671 2301 fuerit,
696 2245 758 2283 non
781 2227 896 2283 habens
920 2227 1055 2301 aliquam
1079 2241 1197 2302 partem

172 2315 417 2384 uertebrarum,
441 2313 496 2370 erit
520 2313 646 2369 lucidum
671 2324 773 2385 totum,
797 2327 826 2370 et
842 2313 919 2371 sicut
934 2313 1058 2372 lucerna
1073 2314 1198 2389 fulgoris

214 2400 398 2458 illuminabit
431 2414 469 2471 te,
503 2401 559 2457 hoc
593 2413 646 2472 est,
688 2400 712 2457 si
748 2413 811 2458 tota
847 2401 1015 2476 corporalis
1046 2401 1108 2459 vita
1147 2415 1198 2458 tua

213 2488 303 2545 fuerit
342 2489 507 2545 secundum
547 2487 714 2563 quamlibet
751 2487 965 2563 operacionem
1010 2508 1095 2546 suam
1141 2488 1199 2545 isto

214 2575 386 2649 evangelico
417 2573 531 2632 lumine
555 2574 714 2644 illustrata,
748 2588 820 2633 tunc
857 2588 954 2633 totum
992 2594 1103 2651 corpus
1135 2590 1197 2633 tam

213 2662 272 2720 vite
297 2661 463 2738 corporalis
486 2680 578 2738 quam
602 2662 703 2737 operis
728 2662 784 2719 erit
807 2662 941 2720 lucidum
964 2682 1017 2738 per
1033 2677 1145 2733 totum;
1169 2677 1198 2720 et

170 2753 285 2806 altune
318 2749 502 2807 illuminabit
534 2763 563 2807 te
597 2762 755 2824 tamquam
789 2750 912 2808 lucerna
946 2750 977 2807 in
1015 2769 1075 2825 qua
1109 2752 1198 2825 plene

213 2837 305 2911 fulget
329 2836 447 2895 celestis
471 2835 583 2894 radius.
608 2838 678 2894 ldeo
695 2837 799 2894 dicunt
814 2837 1007 2913 grammatici
1030 2838 1198 2895 sencientes

213 2924 261 2980 hic
284 2943 346 2982 non
371 2943 434 2982 esse
457 2924 657 2998 nugacionem
682 2925 764 2999 quod
789 2927 846 2982 hoc
874 2944 987 2983 nomen
1016 2944 1127 3000 corpus
1155 2938 1198 2982 est
1247 2960 1250 2964 -

212 3011 393 3085 equivocum
417 3013 455 3069 ad
479 3013 535 3069 hec
558 3013 633 3069 duo:

339 3100 500 3178 Congeries
523 3116 654 3175 operum,
677 3117 793 3175 corpus,
818 3099 959 3157 dimensio
982 3101 1070 3157 trina.

171 3191 202 3239 30
254 3186 334 3243 Tota
358 3185 481 3262 quidem
510 3186 571 3242 vita
603 3185 734 3243 hominis
758 3187 846 3243 debet
873 3205 982 3245 sonare
1006 3189 1044 3245 ad
1068 3186 1196 3262 gloriam

213 3272 266 3330 Dei
300 3286 362 3330 tam
394 3274 455 3331 vita
488 3273 656 3347 corporalis
688 3292 779 3347 quam
812 3287 842 3330 et
873 3273 1038 3349 spiritualis
1068 3288 1097 3332 et
1126 3289 1198 3332 tunc

213 3361 331 3418 celestis
348 3360 451 3418 radius
468 3374 497 3417 et
513 3360 616 3418 radius
632 3360 813 3418 intencionis
830 3360 1007 3419 coincidunt
1031 3361 1196 3420 irrefracte.

255 3449 342 3506 Unde
370 3450 547 3522 blaspheme
571 3450 740 3524 loquuntur
761 3447 813 3524 qui
842 3447 947 3506 dicunt
971 3451 1053 3523 quod
1077 3463 1197 3524 oportet
1230 3466 1387 3564 Goauprace

213 3536 353 3592 celestem
389 3535 508 3593 radium
541 3538 579 3592 de
608 3535 673 3593 celo
702 3536 885 3593 descendere
908 3556 1000 3611 supra
1025 3539 1195 3593 Romanum
1216 3532 1295 3563 comes
1326 3523 1406 3578 ΜΨ

171 3622 388 3696 35p0ntificem
421 3636 450 3680 et
482 3624 519 3679 ab
552 3622 618 3697 ipso
652 3622 764 3680 reflecti
796 3624 962 3680 secundum
991 3624 1135 3698 angulum
1159 3625 1197 3681 ad
1215 3572 1402 3720 ii}eniii{ciii

213 3709 385 3783 provincias
409 3709 581 3768 adiacentes
606 3728 661 3785 per
683 3723 779 3767 terras
803 3723 832 3767 et
855 3709 962 3782 maria,
988 3729 1024 3767 ac
1048 3710 1072 3767 si
1098 3709 1197 3785 prima
1212 3685 1409 3784 Roriiripiriun',

211 3797 321 3854 veritas
344 3811 484 3872 quereret
516 3798 644 3872 angulos
675 3816 731 3855 nec
760 3816 851 3854 omne
874 3799 987 3855 donum
1012 3811 1064 3854 aut
1092 3800 1197 3855 datum

212 3884 361 3958 optimum
395 3887 551 3942 desursum
582 3886 778 3942 descenderet
806 3903 823 3941 a
850 3898 937 3959 patre
959 3884 1122 3956 luminum,
1156 3884 1198 3941 sic

212 3974 293 4045 quod
310 3976 391 4030 Deus
414 3990 476 4030 non
498 3970 537 4029 sit
560 3970 853 4047 perpendiculariter
875 3990 966 4047 super
982 3985 1073 4047 caput
1096 3971 1198 4029 unius·

264 4187 286 4231 9.
303 4176 334 4218 ll:
350 4175 444 4231 quando
457 4180 540 4219 aulem.
614 4187 644 4220 12.
655 4180 734 4231 potest
743 4176 767 4219 t'n
778 4176 845 4219 istam
854 4174 994 4223 stulticiam,-
1008 4174 1045 4217 hic
1060 4174 1116 4217 nihil
1127 4173 1198 4232 deest.

212 4228 257 4271 lsta
272 4229 445 4272 constructione
455 4236 522 4272 autor
536 4235 616 4272 noster
630 4228 725 4284 saepius
740 4228 820 4272 utitur.
834 4229 870 4272 el.
882 4240 934 4283 pag.
951 4225 994 4280 133,
1009 4228 1025 4269 l.
1040 4239 1061 4270 2.
1116 4234 1146 4270 ιο.
1162 4230 1196 4269 A:

212 4286 246 4323 est
260 4283 331 4323 deest.
398 4292 433 4335 ²7·
453 4283 486 4324 A:
506 4293 589 4324 nomen
604 4281 675 4324 deest.
736 4280 844 4324 allam
861 4292 947 4335 marg:
966 4278 1057 4322 Versus.
1117 4277 1147 4321 31.
1163 4281 1197 4321 A:

213 4339 261 4375 lam
275 4335 349 4376 twice.
417 4331 449 4376 32.
465 4335 498 4377 A:
514 4338 539 4376 et
551 4333 634 4377 radius
648 4334 720 4376 deest.

264 4456 287 4506 7.
309 4442 396 4490 liucae
414 4441 456 4503 xl,
476 4443 515 4503 34
574 4439 612 4492 18.
632 4441 721 4492 Lucae
739 4442 781 4503 lll,
801 4439 841 4492 36.
