3098 5130
171 478 237 522 cue.
254 465 348 548 extu]
453 483 497 532 oe
517 482 755 533 nuthtthsTO
776 481 838 532 cte.
859 483 877 532 t.

172 663 315 701 canonum
340 645 540 720 apostolorum
566 644 683 705 dicitur.
727 644 786 712 Qui
807 655 904 700 autent
933 662 972 700 ex
995 645 1158 702 hominibus

170 733 323 787 ordinatus
346 743 398 802 est,
431 742 569 806 quantum
594 732 634 787 ad
656 732 763 803 Deum,
796 750 850 787 non
875 744 918 787 est
947 732 1086 788 diaconus
1109 745 1159 789 aut

169 820 318 875 sacerdos.
353 819 440 895 Ergo
473 819 500 873 in
528 819 732 875 sacerdotibus
755 819 869 893 quidem
901 831 927 875 et
952 819 1081 875 diaconis
1104 840 1158 876 uon

169 919 211 963 est
234 908 366 962 inventus
381 906 430 981 qui
448 907 558 982 perdat
574 908 683 962 talenta
707 907 756 980 qui
770 907 926 962 secundum
947 907 1157 982 prescienciam

145 995 327 1050 5ordinatur
350 1014 367 1049 a
392 995 465 1049 Deo.
500 995 531 1049 ln
552 993 747 1069 popularibus
775 1004 871 1048 autem
896 994 990 1050 euenit
1012 997 1157 1067 quomodo

171 1083 263 1138 eciam
289 1081 338 1155 qui
357 1094 498 1157 peccator
514 1081 642 1155 futurus
666 1092 707 1136 est
731 1099 747 1135 a
772 1081 836 1136 Deo
859 1080 971 1156 accepit
985 1081 1064 1156 fidei
1084 1101 1156 1158 gra-

169 1170 251 1224 ciam.
278 1170 441 1224 Secundum
467 1170 519 1224 hec
543 1186 616 1245 ergo
638 1186 692 1242 que
715 1167 853 1235 diximuS,
877 1168 904 1223 si
922 1169 1084 1244 presbyter
1106 1180 1156 1224 aut

169 1258 307 1311 diaconus
327 1266 468 1331 peccator
491 1256 622 1310 inuentus
638 1255 752 1329 suerit:
778 1254 913 1330 quoniam
948 1266 1085 1329 quantum
1116 1258 1156 1311 ad
1180 1268 1354 1331 Consequenuy

166 1343 375 1418 prescienciam
393 1343 450 1397 Dei
472 1343 559 1414 (sicut
583 1341 639 1397 iam
664 1341 805 1414 diximus)
830 1360 885 1397 non
909 1360 948 1398 ex
964 1343 1027 1397 Deo
1050 1344 1102 1398 sed
1117 1362 1156 1400 ex
1178 1323 1361 1432 alwfyss'ssgfissqs

130 1431 331 1486 toltominibus
358 1430 462 1504 sactus
498 1429 613 1484 uidetur
641 1429 804 1506 presbyter
827 1439 876 1484 aut
901 1429 1049 1500 diaconus,
1074 1430 1156 1504 quasi
1186 1429 1353 1483 ⁸⁸³¹³tm³¹h

170 1518 262 1573 laicus
285 1517 432 1572 inuenitur
462 1516 539 1571 iuter
562 1534 610 1572 eos
637 1517 687 1591 qui
709 1535 796 1571 unum
819 1517 958 1572 talentum
975 1516 1053 1592 fidei
1074 1536 1154 1573 acce·

166 1615 282 1680 perunt.
318 1605 360 1659 Ac
389 1621 445 1679 per
481 1604 535 1659 hoc
559 1621 641 1660 nemo
672 1603 826 1659 ordinatus
848 1623 866 1658 α
890 1604 954 1658 Deo
974 1615 1077 1679 peccat
1101 1604 1158 1660 nisi

169 1692 217 1766 qui
239 1711 327 1746 mmm
356 1693 494 1747 talentum
528 1691 633 1768 accipit
656 1709 673 1744 a
698 1691 770 1746 Deo.
812 1691 880 1745 Ideo
917 1701 1013 1746 autem
1048 1691 1155 1768 gracia

168 1779 246 1855 fidei
267 1778 399 1835 omnibus
422 1797 439 1833 a
463 1779 526 1835 Deo
547 1789 710 1852 prestatur,
742 1778 847 1854 gracia
876 1789 971 1833 autem
1002 1778 1156 1836 clericatus

130 1868 224 1921 15non
248 1866 379 1922 omnibus
401 1866 454 1921 sed
477 1864 585 1942 dignis,
615 1865 681 1939 quia
714 1865 742 1920 in
777 1865 828 1920 illa
862 1883 950 1920 causa
978 1865 1081 1920 salutis
1104 1877 1155 1932 est,

169 1954 196 2008 in
221 1954 277 2009 ista
301 1963 396 2009 autem
422 1951 602 2027 dispensacio
626 1952 756 2008 misterii.
782 1952 859 2007 Nam
884 1963 910 2007 et
930 1952 1154 2027 paterfamilias

170 2059 315 2095 annonam
338 2040 453 2114 quidem
478 2039 610 2094 omnibus
633 2039 727 2095 seruis
747 2049 873 2113 prestat,
912 2039 1034 2116 negocia
1057 2052 1152 2096 aretem

169 2146 221 2182 sua
246 2147 302 2182 mm
337 2127 468 2182 onntibus
502 2126 664 2183 committit.
703 2126 861 2181 Abscondit
894 2137 989 2181 autem
1014 2126 1153 2183 talentum

169 2232 250 2269 snum
276 2215 304 2269 in
328 2226 410 2269 terra
443 2213 493 2287 qui
514 2213 657 2287 accipiens
681 2213 816 2269 noticiam
843 2212 957 2269 Christi
979 2213 1154 2288 contempnit

127 2319 159 2354 20
171 2302 259 2356 vitam
284 2301 467 2376 spiritualem
501 2311 528 2355 et
552 2301 579 2354 in
604 2300 730 2355 terrenis
761 2300 873 2355 actibus
905 2310 932 2354 et
956 2300 1066 2356 deliciis
1088 2319 1154 2356 con-

170 2407 299 2449 versans.
325 2388 420 2443 obruit
437 2388 512 2443 illud
527 2387 661 2443 incarne
680 2404 732 2442 sua
748 2398 775 2443 et
790 2386 1031 2444 sollicitudinibus
1054 2387 1155 2442 mundi

168 2477 252 2549 quasi
273 2475 363 2551 spinis
379 2475 481 2549 effocat
497 2474 574 2552 fidei
595 2492 645 2529 sue
668 2474 771 2529 bonum
789 2484 815 2529 et
837 2492 892 2529 non
907 2474 988 2548 jacit
1004 2473 1152 2547 fructum.

168 2562 233 2618 Hoc
266 2572 308 2619 est
340 2563 413 2618 enim
446 2562 584 2618 talentum
618 2561 645 2615 iu
678 2572 760 2616 terra
792 2561 972 2617 abscondere
1003 2562 1080 2634 quod
1111 2572 1154 2617 est

167 2668 263 2705 semen
289 2649 372 2704 verbi
394 2649 471 2704 inter
493 2649 592 2724 spinas
615 2648 750 2722 effocare.

125 2738 155 2789 25
211 2737 365 2792 Sciendum
391 2746 433 2791 est
450 2747 544 2791 autem
568 2736 647 2812 quod
670 2735 719 2789 ille
738 2735 788 2810 qui
803 2735 885 2808 fodit
908 2734 1042 2812 graciam
1067 2753 1150 2790 suam
1197 2752 1331 2813 ltistobe

168 2824 194 2877 iu
219 2835 331 2879 terram
356 2841 411 2879 non
432 2841 557 2897 peccare
569 2822 709 2898 proponit
723 2823 777 2878 sed
792 2822 935 2878 iusticiam
960 2841 1015 2877 non
1032 2822 1149 2896 facere.
1163 2805 1370 2900 ¹¹ss2¹f⁶v⁶2n{l¹s³¹si}f¹⁰

171 2910 230 2976 Qui
260 2922 355 2966 autem
387 2920 510 2985 peccant
542 2928 597 2964 non
633 2909 812 2965 abscondere
845 2909 981 2964 videntur
1015 2909 1150 2985 grr‘aciam
1206 2911 1323 2988 *'²⁸‘³.¹¹¹t

166 3015 248 3052 suam
281 2998 334 3052 sed
365 3015 564 3072 corrumpere.
601 2997 634 3051 Si
664 3015 738 3071 ergo
774 2997 802 3050 in
831 2996 965 3052 tenebras
988 2996 1152 3051 exteriores
1208 2969 1320 3016 negasne.

167 3085 321 3140 mittuntur
343 3085 392 3158 qui
406 3094 523 3159 accepto
548 3083 636 3139 uerbo
651 3083 728 3158 fidei
749 3083 911 3139 carnaliter
927 3083 1048 3138 vivendo
1063 3084 1152 3156 sruc-

124 3176 226 3226 3otum
250 3172 361 3227 iusticie
384 3190 439 3226 uon
456 3171 607 3245 jecerunt,
639 3181 725 3244 putas
754 3170 782 3224 in
805 3171 906 3245 quales
928 3172 1063 3226 tenebras
1086 3181 1152 3225 sunt

166 3258 246 3328 ituri,
269 3260 317 3332 qui
339 3259 432 3333 ipsum
454 3259 593 3313 talentum
609 3256 686 3334 fidei
707 3274 758 3312 sue
777 3258 926 3333 peccando
946 3257 1150 3332 perdiderunt.

168 3345 221 3400 Ille
244 3345 293 3419 qui
305 3345 389 3419 fodit
412 3345 550 3399 talentum
567 3362 650 3399 suum
674 3343 779 3400 similis
802 3355 844 3399 est
868 3344 1030 3421 virginibus
1044 3344 1151 3419 fatuis,

164 3450 219 3506 que
242 3432 378 3488 babentes
400 3431 561 3505 lampades,
585 3431 679 3487 oleum
704 3449 759 3485 non
776 3431 898 3499 habent,·
920 3443 978 3486 tam
1004 3431 1077 3486 enim
1102 3431 1151 3485 ille

165 3537 250 3592 quam
275 3519 328 3575 iste
347 3529 527 3594 putauerunt
546 3536 633 3593 posse
648 3517 788 3594 sufficere
809 3517 865 3573 sibi
887 3518 927 3572 ad
949 3517 1072 3573 salutem
1096 3518 1150 3573 hoc

123 3605 259 3667 35solum
284 3607 361 3680 quod
385 3605 542 3661 credebant
565 3605 592 3659 in
620 3604 781 3660 Christum.

208 3693 288 3748 Nam
314 3711 382 3748 uere
405 3692 458 3748 etsi
480 3693 618 3747 talentum
648 3709 704 3747 non
734 3690 876 3767 perdidit,
915 3690 945 3744 id
971 3701 1024 3758 est,
1053 3691 1148 3765 fidem
1215 3724 1312 3770 sinsot

165 3780 286 3834 Domini
306 3781 360 3849 sui,
385 3790 480 3834 tamen
513 3797 580 3834 reus
611 3791 652 3834 est
675 3778 802 3854 dampni.
833 3778 897 3832 Non
929 3777 1002 3832 enim
1024 3788 1150 3852 propter
1171 3776 1286 3871 0¹¹¹bi⁸⁸i0¹¹
1301 3791 1354 3857 ΨΥ

165 3866 219 3922 ltoc
241 3868 336 3923 solum
370 3866 561 3941 unusquisque
575 3865 614 3942 fit
643 3865 829 3933 christianus,
862 3874 891 3919 ut
914 3864 952 3919 sit
974 3864 1149 3921 cltristinmts
1221 3842 1322 3883 “lm“

165 3973 287 4010 seruans
319 3953 458 4010 talentum
483 3952 560 4028 fidei
590 3970 650 4026 sue,
688 3952 740 4008 sed
776 3962 805 4005 ut
838 3961 975 4026 operetur
1007 3952 1148 4007 iusticiam

120 4053 155 4098 40
169 4042 296 4097 Christo.
322 4041 401 4097 Sicut
425 4041 498 4096 enim
521 4040 570 4115 qui
591 4039 753 4095 seminandi
774 4056 861 4094 causa
878 4038 1020 4114 accipiens
1043 4057 1149 4111 semen,

217 4203 280 4244 2.A:
296 4200 443 4243 indraconn.
501 4198 657 4253 impertit
699 4204 720 4237 o.
736 4199 769 4240 A:
781 4200 894 4252 peccator
900 4193 986 4250 suerit¹
1022 4210 1099 4241 ιιι-ιι.
1115 4200 1148 4242 Λ;

164 4254 298 4295 sedlaicus.
354 4252 585 4303 tibtsideldeest.
654 4248 1148 4302 12-1'3nrtcpernoe-ntnnteen

167 4319 197 4355 ts.
213 4309 247 4348 A:
262 4305 389 4347 claritatis¹
458 4316 488 4357 17,
504 4305 537 4345 A:
553 4306 630 4345 autern
645 4304 716 4345 deest.
784 4312 869 4343 no-tt.
884 4302 918 4344 A:
929 4313 1104 4349 consummant:
1120 4303 1149 4346 tt:

164 4359 272 4400 correxit.
328 4369 361 4399 η,
377 4368 424 4399 sue¹
441 4357 472 4399 ltu
488 4356 556 4397 codd.
572 4361 593 4396 et
609 4356 733 4397 concentu
751 4366 803 4396 cum
820 4360 881 4395 testu
897 4366 919 4395 tu
932 4357 939 4388 t
946 4359 977 4407 tp.
993 4354 1052 4407 imp.
1064 4355 1148 4411 Ctuys.

165 4408 475 4464 opp.1‹›ns.vt.t:t:ttxt.
549 4420 584 4459 tot
607 4407 639 4449 Λι
659 4404 794 4449 rcrboltet'.
862 4403 943 4449 tud:
965 4406 1149 4451 suante-esna

165 4464 187 4504 in
205 4474 290 4512 mure:
307 4462 381 4502 aton,

1000 4518 1050 4580 17⁴·
