<?xml version="1.0" encoding="UTF-8"?>
<!DOCTYPE html PUBLIC "-//W3C//DTD XHTML 1.0 Transitional//EN"
    "http://www.w3.org/TR/xhtml1/DTD/xhtml1-transitional.dtd">
<html xmlns="http://www.w3.org/1999/xhtml" xml:lang="en" lang="en">
 <head>
  <title>
</title>
<meta http-equiv="Content-Type" content="text/html;charset=utf-8" />
  <meta name='ocr-system' content='tesseract 3.04.00' />
  <meta name='ocr-capabilities' content='ocr_page ocr_carea ocr_par ocr_line ocrx_word'/>
</head>
<body>
  <div class='ocr_page' id='page_1' title='image "./iohanniswyclifo01wyclgoog_0287.png"; bbox 0 0 3098 5130; ppageno 0'>
   <div class='ocr_carea' id='block_1_1' title="bbox 567 443 1329 533">
    <p class='ocr_par' dir='ltr' id='par_1_1' title="bbox 567 443 1329 533">
     <span class='ocr_line' id='line_1_1' title="bbox 567 443 1329 533; baseline -0.016 -17"><span class='ocrx_word' id='word_1_1' title='bbox 567 467 657 516; x_wconf 83' lang='lat' dir='ltr'><em>orus</em></span> <span class='ocrx_word' id='word_1_2' title='bbox 676 466 929 517; x_wconf 73' lang='lat' dir='ltr'><em>svuunnutcuu</em></span> <span class='ocrx_word' id='word_1_3' title='bbox 951 466 1014 516; x_wconf 76' lang='lat' dir='ltr'><em>run.</em></span> <span class='ocrx_word' id='word_1_4' title='bbox 1034 465 1073 515; x_wconf 82' lang='lat'>111.</span> <span class='ocrx_word' id='word_1_5' title='bbox 1145 443 1227 533; x_wconf 73' lang='lat' dir='ltr'><em>[cue.</em></span> <span class='ocrx_word' id='word_1_6' title='bbox 1241 458 1329 504; x_wconf 80' lang='lat' dir='ltr'><em>vat.</em></span> 
     </span>
    </p>
   </div>
   <div class='ocr_carea' id='block_1_2' title="bbox 134 625 1457 3911">
    <p class='ocr_par' dir='ltr' id='par_1_2' title="bbox 134 625 1378 1577">
     <span class='ocr_line' id='line_1_2' title="bbox 335 625 1331 706; baseline -0.006 -19"><span class='ocrx_word' id='word_1_7' title='bbox 335 631 438 706; x_wconf 82' lang='lat' dir='ltr'><em>pocius</em></span> <span class='ocrx_word' id='word_1_8' title='bbox 469 629 508 684; x_wconf 93' lang='lat' dir='ltr'><em>ad</em></span> <span class='ocrx_word' id='word_1_9' title='bbox 532 630 685 684; x_wconf 89' lang='lat' dir='ltr'><em>uendentes</em></span> <span class='ocrx_word' id='word_1_10' title='bbox 718 639 745 684; x_wconf 91' lang='lat' dir='ltr'><em>et</em></span> <span class='ocrx_word' id='word_1_11' title='bbox 774 629 859 684; x_wconf 88' lang='lat' dir='ltr'><em>emite</em></span> <span class='ocrx_word' id='word_1_12' title='bbox 889 628 978 686; x_wconf 82' lang='lat' dir='ltr'><em>uobis.</em></span> <span class='ocrx_word' id='word_1_13' title='bbox 1017 628 1096 683; x_wconf 89' lang='lat' dir='ltr'><em>Dum</em></span> <span class='ocrx_word' id='word_1_14' title='bbox 1129 637 1225 683; x_wconf 86' lang='lat' dir='ltr'><em>autem</em></span> <span class='ocrx_word' id='word_1_15' title='bbox 1249 625 1331 682; x_wconf 86' lang='lat' dir='ltr'><em>irent</em></span> 
     </span>
     <span class='ocr_line' id='line_1_3' title="bbox 339 715 1329 792; baseline -0.004 -19"><span class='ocrx_word' id='word_1_16' title='bbox 339 734 444 788; x_wconf 87' lang='lat' dir='ltr'><em>emere,</em></span> <span class='ocrx_word' id='word_1_17' title='bbox 471 716 547 771; x_wconf 88' lang='lat' dir='ltr'><em>uenit</em></span> <span class='ocrx_word' id='word_1_18' title='bbox 568 734 690 791; x_wconf 89' lang='lat' dir='ltr'><em>sponsus</em></span> <span class='ocrx_word' id='word_1_19' title='bbox 712 727 809 792; x_wconf 85' lang='lat' dir='ltr'><em>etque</em></span> <span class='ocrx_word' id='word_1_20' title='bbox 827 727 935 791; x_wconf 91' lang='lat' dir='ltr'><em>parate</em></span> <span class='ocrx_word' id='word_1_21' title='bbox 956 725 1023 771; x_wconf 88' lang='lat' dir='ltr'><em>sunt</em></span> <span class='ocrx_word' id='word_1_22' title='bbox 1051 715 1236 772; x_wconf 87' lang='lat' dir='ltr'><em>intrauerunt</em></span> <span class='ocrx_word' id='word_1_23' title='bbox 1259 732 1329 770; x_wconf 89' lang='lat' dir='ltr'><em>cum</em></span> 
     </span>
     <span class='ocr_line' id='line_1_4' title="bbox 339 803 945 878; baseline -0.007 -17"><span class='ocrx_word' id='word_1_24' title='bbox 339 823 372 861; x_wconf 92' lang='lat' dir='ltr'><em>eo</em></span> <span class='ocrx_word' id='word_1_25' title='bbox 395 805 434 859; x_wconf 94' lang='lat' dir='ltr'><em>ad</em></span> <span class='ocrx_word' id='word_1_26' title='bbox 457 803 584 878; x_wconf 88' lang='lat' dir='ltr'><em>nupcias,</em></span> <span class='ocrx_word' id='word_1_27' title='bbox 608 814 635 860; x_wconf 90' lang='lat' dir='ltr'><em>et</em></span> <span class='ocrx_word' id='word_1_28' title='bbox 658 804 759 860; x_wconf 89' lang='lat' dir='ltr'><em>clausa</em></span> <span class='ocrx_word' id='word_1_29' title='bbox 783 813 825 859; x_wconf 86' lang='lat' dir='ltr'><em>est</em></span> <span class='ocrx_word' id='word_1_30' title='bbox 849 803 945 858; x_wconf 90' lang='lat' dir='ltr'><em>ianua.</em></span> 
     </span>
     <span class='ocr_line' id='line_1_5' title="bbox 175 887 1331 964; baseline -0.002 -18"><span class='ocrx_word' id='word_1_31' title='bbox 175 904 279 946; x_wconf 69' lang='lat' dir='ltr'><em>larome:</em></span> <span class='ocrx_word' id='word_1_32' title='bbox 383 893 479 964; x_wconf 87' lang='lat' dir='ltr'>Super</span> <span class='ocrx_word' id='word_1_33' title='bbox 514 909 574 964; x_wconf 92' lang='lat' dir='ltr'><em>quo</em></span> <span class='ocrx_word' id='word_1_34' title='bbox 596 893 789 964; x_wconf 87' lang='lat' dir='ltr'><em>leronymus:</em></span> <span class='ocrx_word' id='word_1_35' title='bbox 823 889 889 946; x_wconf 91' lang='lat' dir='ltr'><em>Hoc</em></span> <span class='ocrx_word' id='word_1_36' title='bbox 922 909 978 946; x_wconf 91' lang='lat' dir='ltr'><em>nou</em></span> <span class='ocrx_word' id='word_1_37' title='bbox 1003 891 1039 945; x_wconf 91' lang='lat' dir='ltr'><em>de</em></span> <span class='ocrx_word' id='word_1_38' title='bbox 1061 888 1191 945; x_wconf 81' lang='lat' dir='ltr'><em>avaricia</em></span> <span class='ocrx_word' id='word_1_39' title='bbox 1214 887 1269 944; x_wconf 90' lang='lat' dir='ltr'><em>sed</em></span> <span class='ocrx_word' id='word_1_40' title='bbox 1293 888 1331 944; x_wconf 84' lang='lat' dir='ltr'><em>de</em></span> 
     </span>
     <span class='ocr_line' id='line_1_6' title="bbox 155 956 1357 1053; baseline -0.004 -20"><span class='ocrx_word' id='word_1_41' title='bbox 155 956 297 1050; x_wconf 45' lang='grc' dir='ltr'><em>ξζξξζρξῗζξ</em></span> <span class='ocrx_word' id='word_1_42' title='bbox 339 978 445 1033; x_wconf 89' lang='lat' dir='ltr'><em>timore</em></span> <span class='ocrx_word' id='word_1_43' title='bbox 477 979 658 1053; x_wconf 87' lang='lat' dir='ltr'><em>respondent.</em></span> <span class='ocrx_word' id='word_1_44' title='bbox 696 977 894 1053; x_wconf 81' lang='lat' dir='ltr'><em>Unusquisque</em></span> <span class='ocrx_word' id='word_1_45' title='bbox 925 977 1000 1033; x_wconf 87' lang='lat' dir='ltr'><em>enim</em></span> <span class='ocrx_word' id='word_1_46' title='bbox 1021 994 1079 1052; x_wconf 91' lang='lat' dir='ltr'><em>pro</em></span> <span class='ocrx_word' id='word_1_47' title='bbox 1108 976 1242 1053; x_wconf 81' lang='lat' dir='ltr'><em>operibus</em></span> <span class='ocrx_word' id='word_1_48' title='bbox 1264 974 1357 1031; x_wconf 75' lang='lat' dir='ltr'><em>suisS</em></span> 
     </span>
     <span class='ocr_line' id='line_1_7' title="bbox 134 1062 1330 1156; baseline 0.013 -54"><span class='ocrx_word' id='word_1_49' title='bbox 134 1062 315 1156; x_wconf 47' lang='lat' dir='ltr'><em>tualippttt&#39;dtgtplw</em></span> <span class='ocrx_word' id='word_1_50' title='bbox 339 1066 501 1121; x_wconf 80' lang='lat' dir='ltr'><em>mercedem</em></span> <span class='ocrx_word' id='word_1_51' title='bbox 531 1065 659 1140; x_wconf 75' lang='lat' dir='ltr'><strong><em>recipiet,</em></strong></span> <span class='ocrx_word' id='word_1_52' title='bbox 688 1082 776 1140; x_wconf 84' lang='lat' dir='ltr'><em>neque</em></span> <span class='ocrx_word' id='word_1_53' title='bbox 804 1075 925 1139; x_wconf 89' lang='lat' dir='ltr'><em>possunt</em></span> <span class='ocrx_word' id='word_1_54' title='bbox 953 1065 981 1120; x_wconf 90' lang='lat' dir='ltr'><em>in</em></span> <span class='ocrx_word' id='word_1_55' title='bbox 1010 1064 1056 1119; x_wconf 92' lang='lat' dir='ltr'><em>die</em></span> <span class='ocrx_word' id='word_1_56' title='bbox 1078 1064 1178 1119; x_wconf 91' lang='lat' dir='ltr'><em>iudicii</em></span> <span class='ocrx_word' id='word_1_57' title='bbox 1198 1063 1330 1119; x_wconf 87' lang='lat' dir='ltr'><em>aliorum</em></span> 
     </span>
     <span class='ocr_line' id='line_1_8' title="bbox 195 1143 1331 1226; baseline -0.001 -20"><span class='ocrx_word' id='word_1_58' title='bbox 195 1148 197 1153; x_wconf 80' lang='grc'><strong>’</strong></span> <span class='ocrx_word' id='word_1_59' title='bbox 260 1143 281 1167; x_wconf 77' lang='grc'><em>“’</em></span> <span class='ocrx_word' id='word_1_60' title='bbox 340 1153 461 1209; x_wconf 86' lang='lat' dir='ltr'><em>uirtutes</em></span> <span class='ocrx_word' id='word_1_61' title='bbox 489 1151 616 1208; x_wconf 88' lang='lat' dir='ltr'><em>aliorum</em></span> <span class='ocrx_word' id='word_1_62' title='bbox 650 1152 724 1207; x_wconf 85' lang='lat' dir='ltr'><em>vicia</em></span> <span class='ocrx_word' id='word_1_63' title='bbox 747 1151 909 1208; x_wconf 84' lang='lat' dir='ltr'><em>sublevare.</em></span> <span class='ocrx_word' id='word_1_64' title='bbox 949 1151 989 1206; x_wconf 84' lang='lat' dir='ltr'><em>Et</em></span> <span class='ocrx_word' id='word_1_65' title='bbox 1020 1152 1165 1226; x_wconf 86' lang='lat' dir='ltr'><em>quomodo</em></span> <span class='ocrx_word' id='word_1_66' title='bbox 1196 1161 1331 1225; x_wconf 84' lang='lat' dir='ltr'><em>tempore</em></span> 
     </span>
     <span class='ocr_line' id='line_1_9' title="bbox 339 1238 1330 1319; baseline -0.003 -25"><span class='ocrx_word' id='word_1_67' title='bbox 339 1239 521 1319; x_wconf 81' lang='lat' dir='ltr'><em>Babyloniae</em></span> <span class='ocrx_word' id='word_1_68' title='bbox 557 1239 733 1313; x_wconf 88' lang='lat' dir='ltr'><em>captiuitatis</em></span> <span class='ocrx_word' id='word_1_69' title='bbox 765 1239 908 1294; x_wconf 79' lang='lat' dir='ltr'><em>ieremias</em></span> <span class='ocrx_word' id='word_1_70' title='bbox 931 1250 1102 1313; x_wconf 79' lang='lat' dir='ltr'><em>peccatores</em></span> <span class='ocrx_word' id='word_1_71' title='bbox 1133 1238 1235 1293; x_wconf 85' lang='lat' dir='ltr'><em>iuuare</em></span> <span class='ocrx_word' id='word_1_72' title='bbox 1270 1253 1330 1291; x_wconf 91' lang='lat' dir='ltr'><em>non</em></span> 
     </span>
     <span class='ocr_line' id='line_1_10' title="bbox 336 1323 1331 1403; baseline -0.005 -20"><span class='ocrx_word' id='word_1_73' title='bbox 336 1327 430 1402; x_wconf 90' lang='lat' dir='ltr'><em>potuit</em></span> <span class='ocrx_word' id='word_1_74' title='bbox 453 1337 480 1382; x_wconf 93' lang='lat' dir='ltr'><em>et</em></span> <span class='ocrx_word' id='word_1_75' title='bbox 505 1325 613 1382; x_wconf 90' lang='lat' dir='ltr'><em>dictum</em></span> <span class='ocrx_word' id='word_1_76' title='bbox 630 1337 672 1382; x_wconf 90' lang='lat' dir='ltr'><em>est</em></span> <span class='ocrx_word' id='word_1_77' title='bbox 688 1327 823 1381; x_wconf 85' lang='lat' dir='ltr'><em>adeum:</em></span> <span class='ocrx_word' id='word_1_78' title='bbox 845 1326 891 1381; x_wconf 90' lang='lat' dir='ltr'><em>Ne</em></span> <span class='ocrx_word' id='word_1_79' title='bbox 912 1327 1046 1382; x_wconf 83' lang='lat' dir='ltr'><em>oraveris</em></span> <span class='ocrx_word' id='word_1_80' title='bbox 1056 1344 1114 1403; x_wconf 88' lang='lat' dir='ltr'><em>pro</em></span> <span class='ocrx_word' id='word_1_81' title='bbox 1133 1325 1240 1401; x_wconf 93' lang='lat' dir='ltr'><em>populo</em></span> <span class='ocrx_word' id='word_1_82' title='bbox 1256 1323 1331 1379; x_wconf 90' lang='lat' dir='ltr'><em>isto:</em></span> 
     </span>
     <span class='ocr_line' id='line_1_11' title="bbox 339 1412 1378 1489; baseline -0.008 -19"><span class='ocrx_word' id='word_1_83' title='bbox 339 1414 379 1470; x_wconf 91' lang='lat' dir='ltr'><em>sic</em></span> <span class='ocrx_word' id='word_1_84' title='bbox 411 1413 614 1489; x_wconf 87' lang='lat' dir='ltr'><em>formidolosa</em></span> <span class='ocrx_word' id='word_1_85' title='bbox 651 1413 707 1468; x_wconf 88' lang='lat' dir='ltr'><em>erit</em></span> <span class='ocrx_word' id='word_1_86' title='bbox 742 1413 793 1469; x_wconf 91' lang='lat' dir='ltr'><em>illa</em></span> <span class='ocrx_word' id='word_1_87' title='bbox 836 1413 906 1483; x_wconf 91' lang='lat' dir='ltr'><em>dies,</em></span> <span class='ocrx_word' id='word_1_88' title='bbox 949 1431 1012 1468; x_wconf 84' lang='lat' dir='ltr'><em>curn</em></span> <span class='ocrx_word' id='word_1_89' title='bbox 1045 1412 1238 1487; x_wconf 86' lang='lat' dir='ltr'><em>unusquisque</em></span> <span class='ocrx_word' id='word_1_90' title='bbox 1268 1428 1331 1486; x_wconf 87' lang='lat' dir='ltr'><em>pro</em></span> <span class='ocrx_word' id='word_1_91' title='bbox 1344 1429 1378 1463; x_wconf 88' lang='grc' dir='ltr'><em>ιο</em></span> 
     </span>
     <span class='ocr_line' id='line_1_12' title="bbox 338 1487 740 1577; baseline -0.007 -20"><span class='ocrx_word' id='word_1_92' title='bbox 338 1501 491 1577; x_wconf 89' lang='lat' dir='ltr'><em>semetipso</em></span> <span class='ocrx_word' id='word_1_93' title='bbox 513 1487 654 1556; x_wconf 80' lang='lat' dir='ltr'><em>sollicitus</em></span> <span class='ocrx_word' id='word_1_94' title='bbox 677 1500 740 1556; x_wconf 88' lang='lat' dir='ltr'><em>erit.</em></span> 
     </span>
    </p>

    <p class='ocr_par' dir='ltr' id='par_1_3' title="bbox 341 1585 1376 1928">
     <span class='ocr_line' id='line_1_13' title="bbox 383 1585 1331 1665; baseline -0.001 -22"><span class='ocrx_word' id='word_1_95' title='bbox 383 1589 425 1644; x_wconf 88' lang='lat' dir='ltr'><em>Ite</em></span> <span class='ocrx_word' id='word_1_96' title='bbox 444 1588 548 1665; x_wconf 83' lang='lat' dir='ltr'><em>pocius</em></span> <span class='ocrx_word' id='word_1_97' title='bbox 579 1589 619 1642; x_wconf 92' lang='lat' dir='ltr'><em>ad</em></span> <span class='ocrx_word' id='word_1_98' title='bbox 642 1589 795 1643; x_wconf 88' lang='lat' dir='ltr'><em>uendentes</em></span> <span class='ocrx_word' id='word_1_99' title='bbox 818 1598 845 1643; x_wconf 91' lang='lat' dir='ltr'><em>et</em></span> <span class='ocrx_word' id='word_1_100' title='bbox 868 1587 952 1643; x_wconf 81' lang='lat' dir='ltr'><em>emite</em></span> <span class='ocrx_word' id='word_1_101' title='bbox 981 1586 1070 1642; x_wconf 78' lang='lat' dir='ltr'><em>uoltis.</em></span> <span class='ocrx_word' id='word_1_102' title='bbox 1111 1585 1250 1642; x_wconf 90' lang='lat' dir='ltr'><em>Venditur</em></span> <span class='ocrx_word' id='word_1_103' title='bbox 1272 1585 1331 1642; x_wconf 86' lang='lat' dir='ltr'><em>lroc</em></span> 
     </span>
     <span class='ocr_line' id='line_1_14' title="bbox 341 1672 1330 1751; baseline -0.005 -20"><span class='ocrx_word' id='word_1_104' title='bbox 341 1677 434 1731; x_wconf 90' lang='lat' dir='ltr'><em>oleum</em></span> <span class='ocrx_word' id='word_1_105' title='bbox 458 1687 485 1731; x_wconf 90' lang='lat' dir='ltr'><em>et</em></span> <span class='ocrx_word' id='word_1_106' title='bbox 508 1675 599 1731; x_wconf 93' lang='lat' dir='ltr'><em>multo</em></span> <span class='ocrx_word' id='word_1_107' title='bbox 628 1675 734 1730; x_wconf 88' lang='lat' dir='ltr'><em>emitur</em></span> <span class='ocrx_word' id='word_1_108' title='bbox 757 1675 857 1751; x_wconf 89' lang='lat' dir='ltr'><em>precio</em></span> <span class='ocrx_word' id='word_1_109' title='bbox 889 1692 923 1731; x_wconf 92' lang='lat' dir='ltr'><em>ac</em></span> <span class='ocrx_word' id='word_1_110' title='bbox 947 1674 1063 1750; x_wconf 84' lang='lat' dir='ltr'><em>difficili</em></span> <span class='ocrx_word' id='word_1_111' title='bbox 1084 1674 1185 1729; x_wconf 80' lang='lat' dir='ltr'><em>labore</em></span> <span class='ocrx_word' id='word_1_112' title='bbox 1212 1672 1330 1746; x_wconf 88' lang='lat' dir='ltr'><em>conqui-</em></span> 
     </span>
     <span class='ocr_line' id='line_1_15' title="bbox 342 1758 1330 1837; baseline -0.001 -21"><span class='ocrx_word' id='word_1_113' title='bbox 342 1763 434 1831; x_wconf 89' lang='lat' dir='ltr'><em>ritur;</em></span> <span class='ocrx_word' id='word_1_114' title='bbox 456 1763 533 1837; x_wconf 87' lang='lat' dir='ltr'><em>quod</em></span> <span class='ocrx_word' id='word_1_115' title='bbox 556 1762 583 1817; x_wconf 92' lang='lat' dir='ltr'><em>iu</em></span> <span class='ocrx_word' id='word_1_116' title='bbox 608 1762 770 1819; x_wconf 86' lang='lat' dir='ltr'><em>elemosinis</em></span> <span class='ocrx_word' id='word_1_117' title='bbox 793 1762 957 1836; x_wconf 87' lang='lat' dir='ltr'><em>cunctisque</em></span> <span class='ocrx_word' id='word_1_118' title='bbox 981 1761 1135 1817; x_wconf 80' lang='lat' dir='ltr'><em>uirtutibus</em></span> <span class='ocrx_word' id='word_1_119' title='bbox 1157 1771 1184 1816; x_wconf 85' lang='lat' dir='ltr'><em>et</em></span> <span class='ocrx_word' id='word_1_120' title='bbox 1200 1758 1330 1816; x_wconf 86' lang='lat' dir='ltr'><em>consiliis</em></span> 
     </span>
     <span class='ocr_line' id='line_1_16' title="bbox 343 1848 1376 1928; baseline 0.001 -24"><span class='ocrx_word' id='word_1_121' title='bbox 343 1849 535 1926; x_wconf 81' lang='lat' dir='ltr'><em>intelligimus</em></span> <span class='ocrx_word' id='word_1_122' title='bbox 558 1851 783 1928; x_wconf 79' lang='lat' dir='ltr'><em>magistrorum.</em></span> <span class='ocrx_word' id='word_1_123' title='bbox 1344 1848 1376 1898; x_wconf 87' lang='lat'><em>¹5</em></span> 
     </span>
    </p>

    <p class='ocr_par' dir='ltr' id='par_1_4' title="bbox 338 1933 1457 2795">
     <span class='ocr_line' id='line_1_17' title="bbox 384 1933 1329 2011; baseline -0.003 -20"><span class='ocrx_word' id='word_1_124' title='bbox 384 1936 463 1992; x_wconf 87' lang='lat' dir='ltr'><em>Dum</em></span> <span class='ocrx_word' id='word_1_125' title='bbox 491 1947 585 1992; x_wconf 86' lang='lat' dir='ltr'><em>autem</em></span> <span class='ocrx_word' id='word_1_126' title='bbox 614 1937 690 1993; x_wconf 89' lang='lat' dir='ltr'><em>irent</em></span> <span class='ocrx_word' id='word_1_127' title='bbox 716 1954 822 2008; x_wconf 84' lang='lat' dir='ltr'><em>emere,</em></span> <span class='ocrx_word' id='word_1_128' title='bbox 856 1936 931 1993; x_wconf 85' lang='lat' dir='ltr'><em>uenit</em></span> <span class='ocrx_word' id='word_1_129' title='bbox 953 1953 1083 2011; x_wconf 81' lang='lat' dir='ltr'><em>sponsus,</em></span> <span class='ocrx_word' id='word_1_130' title='bbox 1108 1935 1189 1990; x_wconf 87' lang='lat' dir='ltr'><em>Dant</em></span> <span class='ocrx_word' id='word_1_131' title='bbox 1211 1933 1329 2008; x_wconf 88' lang='lat' dir='ltr'><em>quidem</em></span> 
     </span>
     <span class='ocr_line' id='line_1_18' title="bbox 342 2021 1330 2099; baseline -0.001 -21"><span class='ocrx_word' id='word_1_132' title='bbox 342 2024 425 2098; x_wconf 86' lang='lat' dir='ltr'><em>quasi</em></span> <span class='ocrx_word' id='word_1_133' title='bbox 452 2025 612 2099; x_wconf 75' lang='lat' dir='ltr'><em>prudentes</em></span> <span class='ocrx_word' id='word_1_134' title='bbox 646 2024 796 2080; x_wconf 87' lang='lat' dir='ltr'><em>consilium</em></span> <span class='ocrx_word' id='word_1_135' title='bbox 830 2025 908 2099; x_wconf 85' lang='lat' dir='ltr'><em>quod</em></span> <span class='ocrx_word' id='word_1_136' title='bbox 935 2042 990 2079; x_wconf 90' lang='lat' dir='ltr'><em>nou</em></span> <span class='ocrx_word' id='word_1_137' title='bbox 1024 2023 1143 2078; x_wconf 79' lang='lat' dir='ltr'><em>delreant</em></span> <span class='ocrx_word' id='word_1_138' title='bbox 1174 2021 1235 2078; x_wconf 88' lang='lat' dir='ltr'><em>sine</em></span> <span class='ocrx_word' id='word_1_139' title='bbox 1263 2021 1330 2077; x_wconf 84' lang='lat' dir='ltr'><em>oleo</em></span> 
     </span>
     <span class='ocr_line' id='line_1_19' title="bbox 342 2109 1333 2187; baseline -0.002 -22"><span class='ocrx_word' id='word_1_140' title='bbox 342 2112 549 2187; x_wconf 78' lang='lat' dir='ltr'><em>lampadarum</em></span> <span class='ocrx_word' id='word_1_141' title='bbox 583 2130 687 2187; x_wconf 87' lang='lat' dir='ltr'><em>sponso</em></span> <span class='ocrx_word' id='word_1_142' title='bbox 720 2129 887 2183; x_wconf 89' lang='lat' dir='ltr'><em>occurrere,</em></span> <span class='ocrx_word' id='word_1_143' title='bbox 920 2129 1021 2166; x_wconf 88' lang='lat' dir='ltr'><em>uerum</em></span> <span class='ocrx_word' id='word_1_144' title='bbox 1045 2109 1110 2184; x_wconf 85' lang='lat' dir='ltr'><em>quia</em></span> <span class='ocrx_word' id='word_1_145' title='bbox 1134 2109 1191 2165; x_wconf 90' lang='lat' dir='ltr'><em>iam</em></span> <span class='ocrx_word' id='word_1_146' title='bbox 1216 2109 1333 2164; x_wconf 86' lang='lat' dir='ltr'><em>emendi</em></span> 
     </span>
     <span class='ocr_line' id='line_1_20' title="bbox 342 2198 1331 2274; baseline -0.003 -21"><span class='ocrx_word' id='word_1_147' title='bbox 342 2209 452 2274; x_wconf 88' lang='lat' dir='ltr'><em>tempus</em></span> <span class='ocrx_word' id='word_1_148' title='bbox 475 2211 642 2255; x_wconf 84' lang='lat' dir='ltr'><em>excesserat</em></span> <span class='ocrx_word' id='word_1_149' title='bbox 662 2210 688 2255; x_wconf 91' lang='lat' dir='ltr'><em>et</em></span> <span class='ocrx_word' id='word_1_150' title='bbox 704 2199 874 2255; x_wconf 82' lang='lat' dir='ltr'><em>adveniente</em></span> <span class='ocrx_word' id='word_1_151' title='bbox 897 2198 996 2253; x_wconf 88' lang='lat' dir='ltr'><em>iudicii</em></span> <span class='ocrx_word' id='word_1_152' title='bbox 1018 2198 1065 2254; x_wconf 89' lang='lat' dir='ltr'><em>die</em></span> <span class='ocrx_word' id='word_1_153' title='bbox 1087 2198 1169 2254; x_wconf 87' lang='lat' dir='ltr'><em>locus</em></span> <span class='ocrx_word' id='word_1_154' title='bbox 1185 2214 1239 2252; x_wconf 89' lang='lat' dir='ltr'><em>nou</em></span> <span class='ocrx_word' id='word_1_155' title='bbox 1263 2206 1331 2251; x_wconf 90' lang='lat' dir='ltr'><em>erat</em></span> 
     </span>
     <span class='ocr_line' id='line_1_21' title="bbox 339 2282 1457 2362; baseline -0.005 -21"><span class='ocrx_word' id='word_1_156' title='bbox 339 2287 508 2362; x_wconf 85' lang='lat' dir='ltr'><em>penitencie,</em></span> <span class='ocrx_word' id='word_1_157' title='bbox 532 2287 689 2342; x_wconf 87' lang='lat' dir='ltr'><em>Psalruista</em></span> <span class='ocrx_word' id='word_1_158' title='bbox 714 2285 836 2343; x_wconf 90' lang='lat' dir='ltr'><em>dicente:</em></span> <span class='ocrx_word' id='word_1_159' title='bbox 862 2286 893 2340; x_wconf 91' lang='lat' dir='ltr'><em>In</em></span> <span class='ocrx_word' id='word_1_160' title='bbox 917 2285 1032 2360; x_wconf 81' lang='lat' dir='ltr'><em>inferno</em></span> <span class='ocrx_word' id='word_1_161' title='bbox 1055 2295 1152 2340; x_wconf 82' lang='lat' dir='ltr'><em>autern</em></span> <span class='ocrx_word' id='word_1_162' title='bbox 1176 2282 1237 2358; x_wconf 85' lang='lat' dir='ltr'><em>quis</em></span> <span class='ocrx_word' id='word_1_163' title='bbox 1261 2300 1377 2338; x_wconf 77' lang='lat' dir='ltr'><em>con-uo</em></span> <span class='ocrx_word' id='word_1_164' title='bbox 1455 2285 1457 2288; x_wconf 76' lang='grc'>’</span> 
     </span>
     <span class='ocr_line' id='line_1_22' title="bbox 343 2370 1328 2449; baseline -0.003 -21"><span class='ocrx_word' id='word_1_165' title='bbox 343 2373 477 2449; x_wconf 74' lang='lat' dir='ltr'><em>silebitur</em></span> <span class='ocrx_word' id='word_1_166' title='bbox 500 2373 575 2429; x_wconf 76' lang='lat' dir='ltr'><em>tibi?</em></span> <span class='ocrx_word' id='word_1_167' title='bbox 606 2391 661 2428; x_wconf 90' lang='lat' dir='ltr'><em>non</em></span> <span class='ocrx_word' id='word_1_168' title='bbox 685 2390 758 2428; x_wconf 87' lang='lat' dir='ltr'><em>nouo</em></span> <span class='ocrx_word' id='word_1_169' title='bbox 788 2391 876 2448; x_wconf 87' lang='lat' dir='ltr'><em>opera</em></span> <span class='ocrx_word' id='word_1_170' title='bbox 897 2384 1023 2447; x_wconf 88' lang='lat' dir='ltr'><em>patrare</em></span> <span class='ocrx_word' id='word_1_171' title='bbox 1044 2372 1096 2427; x_wconf 91' lang='lat' dir='ltr'><em>sed</em></span> <span class='ocrx_word' id='word_1_172' title='bbox 1115 2370 1328 2446; x_wconf 86' lang='lat' dir='ltr'><em>preteritorum</em></span> 
     </span>
     <span class='ocr_line' id='line_1_23' title="bbox 343 2457 1330 2538; baseline -0.001 -24"><span class='ocrx_word' id='word_1_173' title='bbox 343 2460 489 2516; x_wconf 87' lang='lat' dir='ltr'><em>racionem</em></span> <span class='ocrx_word' id='word_1_174' title='bbox 523 2471 670 2538; x_wconf 79' lang='lat' dir='ltr'><em>coguntur</em></span> <span class='ocrx_word' id='word_1_175' title='bbox 707 2461 871 2516; x_wconf 84' lang='lat' dir='ltr'><em>exsoluere.</em></span> <span class='ocrx_word' id='word_1_176' title='bbox 912 2459 992 2515; x_wconf 92' lang='lat' dir='ltr'><em>Venit</em></span> <span class='ocrx_word' id='word_1_177' title='bbox 1030 2459 1166 2533; x_wconf 88' lang='lat' dir='ltr'><em>Sponsus.</em></span> <span class='ocrx_word' id='word_1_178' title='bbox 1205 2457 1245 2513; x_wconf 85' lang='lat' dir='ltr'><em>Et</em></span> <span class='ocrx_word' id='word_1_179' title='bbox 1274 2475 1330 2532; x_wconf 85' lang='lat' dir='ltr'><em>que</em></span> 
     </span>
     <span class='ocr_line' id='line_1_24' title="bbox 338 2545 1329 2622; baseline -0.001 -21"><span class='ocrx_word' id='word_1_180' title='bbox 338 2560 443 2622; x_wconf 91' lang='lat' dir='ltr'><em>parate</em></span> <span class='ocrx_word' id='word_1_181' title='bbox 470 2558 536 2602; x_wconf 90' lang='lat' dir='ltr'><em>sunt</em></span> <span class='ocrx_word' id='word_1_182' title='bbox 568 2547 751 2602; x_wconf 86' lang='lat' dir='ltr'><em>intrauerunt</em></span> <span class='ocrx_word' id='word_1_183' title='bbox 782 2565 846 2602; x_wconf 90' lang='lat' dir='ltr'><em>cum</em></span> <span class='ocrx_word' id='word_1_184' title='bbox 879 2564 912 2602; x_wconf 93' lang='lat' dir='ltr'><em>eo</em></span> <span class='ocrx_word' id='word_1_185' title='bbox 944 2546 983 2600; x_wconf 89' lang='lat' dir='ltr'><em>ad</em></span> <span class='ocrx_word' id='word_1_186' title='bbox 1006 2545 1134 2621; x_wconf 82' lang='lat' dir='ltr'><em>nupcias,</em></span> <span class='ocrx_word' id='word_1_187' title='bbox 1172 2556 1198 2600; x_wconf 94' lang='lat' dir='ltr'><em>et</em></span> <span class='ocrx_word' id='word_1_188' title='bbox 1227 2545 1329 2601; x_wconf 87' lang='lat' dir='ltr'><em>clausa</em></span> 
     </span>
     <span class='ocr_line' id='line_1_25' title="bbox 342 2631 1329 2708; baseline -0.002 -19"><span class='ocrx_word' id='word_1_189' title='bbox 342 2645 384 2689; x_wconf 89' lang='lat' dir='ltr'><em>est</em></span> <span class='ocrx_word' id='word_1_190' title='bbox 408 2635 503 2691; x_wconf 91' lang='lat' dir='ltr'><em>ianua.</em></span> <span class='ocrx_word' id='word_1_191' title='bbox 532 2634 602 2689; x_wconf 83' lang='lat' dir='ltr'><em>Post</em></span> <span class='ocrx_word' id='word_1_192' title='bbox 625 2634 724 2689; x_wconf 86' lang='lat' dir='ltr'><em>iudicii</em></span> <span class='ocrx_word' id='word_1_193' title='bbox 747 2633 821 2689; x_wconf 89' lang='lat' dir='ltr'><em>diem</em></span> <span class='ocrx_word' id='word_1_194' title='bbox 846 2635 986 2689; x_wconf 86' lang='lat' dir='ltr'><em>bonorum</em></span> <span class='ocrx_word' id='word_1_195' title='bbox 1011 2651 1131 2708; x_wconf 86' lang='lat' dir='ltr'><em>operum</em></span> <span class='ocrx_word' id='word_1_196' title='bbox 1156 2642 1182 2687; x_wconf 89' lang='lat' dir='ltr'><em>et</em></span> <span class='ocrx_word' id='word_1_197' title='bbox 1217 2631 1329 2687; x_wconf 87' lang='lat' dir='ltr'><em>iusticie</em></span> 
     </span>
     <span class='ocr_line' id='line_1_26' title="bbox 342 2721 1375 2795; baseline -0.002 -18"><span class='ocrx_word' id='word_1_198' title='bbox 342 2722 455 2777; x_wconf 88' lang='lat' dir='ltr'><em>occasio</em></span> <span class='ocrx_word' id='word_1_199' title='bbox 479 2739 534 2777; x_wconf 89' lang='lat' dir='ltr'><em>nou</em></span> <span class='ocrx_word' id='word_1_200' title='bbox 558 2721 742 2795; x_wconf 82' lang='lat' dir='ltr'><em>relinquitur.</em></span> <span class='ocrx_word' id='word_1_201' title='bbox 768 2722 832 2776; x_wconf 84' lang='lat' dir='ltr'><em>Hec</em></span> <span class='ocrx_word' id='word_1_202' title='bbox 855 2722 1043 2793; x_wconf 71' lang='lat' dir='ltr'><em>leronymus</em></span> <span class='ocrx_word' id='word_1_203' title='bbox 1341 2725 1375 2775; x_wconf 79' lang='lat'><em>25</em></span> 
     </span>
    </p>

    <p class='ocr_par' dir='ltr' id='par_1_5' title="bbox 141 2804 1375 3911">
     <span class='ocr_line' id='line_1_27' title="bbox 165 2804 1329 2879; baseline 0 -19"><span class='ocrx_word' id='word_1_204' title='bbox 165 2818 289 2861; x_wconf 77' lang='lat' dir='ltr'><em>Settersot</em></span> <span class='ocrx_word' id='word_1_205' title='bbox 385 2808 512 2864; x_wconf 82' lang='lat' dir='ltr'><em>Videtur</em></span> <span class='ocrx_word' id='word_1_206' title='bbox 545 2807 635 2864; x_wconf 86' lang='lat' dir='ltr'><em>istum</em></span> <span class='ocrx_word' id='word_1_207' title='bbox 670 2820 808 2863; x_wconf 85' lang='lat' dir='ltr'><em>sanctum</em></span> <span class='ocrx_word' id='word_1_208' title='bbox 843 2826 912 2864; x_wconf 88' lang='lat' dir='ltr'><em>cum</em></span> <span class='ocrx_word' id='word_1_209' title='bbox 937 2825 1024 2863; x_wconf 89' lang='lat' dir='ltr'><em>sensu</em></span> <span class='ocrx_word' id='word_1_210' title='bbox 1054 2805 1201 2879; x_wconf 83' lang='lat' dir='ltr'><em>evangelii</em></span> <span class='ocrx_word' id='word_1_211' title='bbox 1223 2804 1329 2861; x_wconf 89' lang='lat' dir='ltr'><em>vendi-</em></span> 
     </span>
     <span class='ocr_line' id='line_1_28' title="bbox 159 2869 1328 2965; baseline -0.003 -14"><span class='ocrx_word' id='word_1_212' title='bbox 159 2869 300 2965; x_wconf 49' lang='lat' dir='ltr'><em>²¹d⁰2¹5⁰12⁰¹⁰d</em></span> <span class='ocrx_word' id='word_1_213' title='bbox 343 2908 423 2951; x_wconf 88' lang='lat' dir='ltr'><em>tores</em></span> <span class='ocrx_word' id='word_1_214' title='bbox 461 2894 519 2951; x_wconf 91' lang='lat' dir='ltr'><em>olei</em></span> <span class='ocrx_word' id='word_1_215' title='bbox 553 2893 742 2951; x_wconf 85' lang='lat' dir='ltr'><em>adulacionis</em></span> <span class='ocrx_word' id='word_1_216' title='bbox 780 2913 814 2951; x_wconf 89' lang='lat' dir='ltr'><em>ex</em></span> <span class='ocrx_word' id='word_1_217' title='bbox 846 2893 1025 2951; x_wconf 80' lang='lat' dir='ltr'><em>infidelitate</em></span> <span class='ocrx_word' id='word_1_218' title='bbox 1057 2892 1232 2950; x_wconf 86' lang='lat' dir='ltr'><em>notabiliter</em></span> <span class='ocrx_word' id='word_1_219' title='bbox 1255 2911 1328 2949; x_wconf 91' lang='lat' dir='ltr'><em>con-</em></span> 
     </span>
     <span class='ocr_line' id='line_1_29' title="bbox 185 2973 1328 3073; baseline -0.001 -35"><span class='ocrx_word' id='word_1_220' title='bbox 185 2973 276 3073; x_wconf 39' lang='lat' dir='ltr'><em>{4222ss</em></span> <span class='ocrx_word' id='word_1_221' title='bbox 344 2983 523 3056; x_wconf 84' lang='lat' dir='ltr'><em>dempnare3</em></span> <span class='ocrx_word' id='word_1_222' title='bbox 548 2983 655 3038; x_wconf 88' lang='lat' dir='ltr'><em>fratres</em></span> <span class='ocrx_word' id='word_1_223' title='bbox 671 2995 771 3039; x_wconf 88' lang='lat' dir='ltr'><em>autem</em></span> <span class='ocrx_word' id='word_1_224' title='bbox 790 2996 818 3038; x_wconf 90' lang='lat' dir='ltr'><em>et</em></span> <span class='ocrx_word' id='word_1_225' title='bbox 843 2984 900 3038; x_wconf 90' lang='lat' dir='ltr'><em>due</em></span> <span class='ocrx_word' id='word_1_226' title='bbox 924 2995 1003 3038; x_wconf 90' lang='lat' dir='ltr'><em>secte</em></span> <span class='ocrx_word' id='word_1_227' title='bbox 1027 2980 1084 3037; x_wconf 93' lang='lat' dir='ltr'><em>alie</em></span> <span class='ocrx_word' id='word_1_228' title='bbox 1101 2983 1234 3038; x_wconf 88' lang='lat' dir='ltr'><em>vendunt</em></span> <span class='ocrx_word' id='word_1_229' title='bbox 1257 2998 1328 3037; x_wconf 90' lang='lat' dir='ltr'><em>suas</em></span> 
     </span>
     <span class='ocr_line' id='line_1_30' title="bbox 141 3068 1326 3144; baseline 0.002 -23"><span class='ocrx_word' id='word_1_230' title='bbox 141 3079 228 3121; x_wconf 70' lang='lat' dir='ltr'><em>nomm</em></span> <span class='ocrx_word' id='word_1_231' title='bbox 244 3088 318 3123; x_wconf 82' lang='lat' dir='ltr'><em>court.</em></span> <span class='ocrx_word' id='word_1_232' title='bbox 343 3069 501 3125; x_wconf 85' lang='lat' dir='ltr'><em>oraciones</em></span> <span class='ocrx_word' id='word_1_233' title='bbox 525 3082 617 3142; x_wconf 86' lang='lat' dir='ltr'><em>atque</em></span> <span class='ocrx_word' id='word_1_234' title='bbox 640 3068 782 3143; x_wconf 87' lang='lat' dir='ltr'><em>suffragia</em></span> <span class='ocrx_word' id='word_1_235' title='bbox 807 3088 860 3144; x_wconf 87' lang='lat' dir='ltr'><em>per</em></span> <span class='ocrx_word' id='word_1_236' title='bbox 884 3069 986 3125; x_wconf 85' lang='lat' dir='ltr'><em>literas</em></span> <span class='ocrx_word' id='word_1_237' title='bbox 1010 3068 1249 3138; x_wconf 67' lang='lat' dir='ltr'><em>fraternitatum</em></span> <span class='ocrx_word' id='word_1_238' title='bbox 1273 3069 1326 3124; x_wconf 85' lang='lat' dir='ltr'><em>sed</em></span> 
     </span>
     <span class='ocr_line' id='line_1_31' title="bbox 344 3154 1375 3230; baseline 0 -20"><span class='ocrx_word' id='word_1_239' title='bbox 344 3156 424 3212; x_wconf 81' lang='lat' dir='ltr'><em>istud</em></span> <span class='ocrx_word' id='word_1_240' title='bbox 449 3157 547 3211; x_wconf 87' lang='lat' dir='ltr'><em>oleum</em></span> <span class='ocrx_word' id='word_1_241' title='bbox 573 3155 603 3213; x_wconf 91' lang='lat' dir='ltr'><em>in</em></span> <span class='ocrx_word' id='word_1_242' title='bbox 625 3155 674 3212; x_wconf 86' lang='lat' dir='ltr'><em>die</em></span> <span class='ocrx_word' id='word_1_243' title='bbox 697 3155 801 3213; x_wconf 84' lang='lat' dir='ltr'><em>iudicii</em></span> <span class='ocrx_word' id='word_1_244' title='bbox 826 3159 864 3213; x_wconf 85' lang='lat' dir='ltr'><em>ad</em></span> <span class='ocrx_word' id='word_1_245' title='bbox 889 3157 1058 3230; x_wconf 86' lang='lat' dir='ltr'><em>profectum</em></span> <span class='ocrx_word' id='word_1_246' title='bbox 1083 3154 1240 3213; x_wconf 85' lang='lat' dir='ltr'><em>hominurn</em></span> <span class='ocrx_word' id='word_1_247' title='bbox 1265 3161 1375 3211; x_wconf 62' lang='lat' dir='ltr'><em>nonsso</em></span> 
     </span>
     <span class='ocr_line' id='line_1_32' title="bbox 150 3241 1327 3314; baseline -0.003 -15"><span class='ocrx_word' id='word_1_248' title='bbox 150 3309 153 3314; x_wconf 25' lang='lat'><em>¹</em></span> <span class='ocrx_word' id='word_1_249' title='bbox 184 3255 279 3299; x_wconf 80' lang='lat' dir='ltr'><em>Suum·</em></span> <span class='ocrx_word' id='word_1_250' title='bbox 345 3243 471 3313; x_wconf 85' lang='lat' dir='ltr'><em>lucebit;</em></span> <span class='ocrx_word' id='word_1_251' title='bbox 505 3256 532 3299; x_wconf 85' lang='lat' dir='ltr'><em>et</em></span> <span class='ocrx_word' id='word_1_252' title='bbox 558 3243 638 3299; x_wconf 86' lang='lat' dir='ltr'><em>idem</em></span> <span class='ocrx_word' id='word_1_253' title='bbox 663 3258 706 3299; x_wconf 90' lang='lat' dir='ltr'><em>est</em></span> <span class='ocrx_word' id='word_1_254' title='bbox 731 3243 876 3299; x_wconf 89' lang='lat' dir='ltr'><em>iudicium</em></span> <span class='ocrx_word' id='word_1_255' title='bbox 902 3245 939 3299; x_wconf 85' lang='lat' dir='ltr'><em>de</em></span> <span class='ocrx_word' id='word_1_256' title='bbox 967 3243 1035 3300; x_wconf 93' lang='lat' dir='ltr'><em>oleo</em></span> <span class='ocrx_word' id='word_1_257' title='bbox 1060 3261 1129 3300; x_wconf 86' lang='lat' dir='ltr'><em>cece</em></span> <span class='ocrx_word' id='word_1_258' title='bbox 1153 3241 1327 3299; x_wconf 90' lang='lat' dir='ltr'><em>devocionis</em></span> 
     </span>
     <span class='ocr_line' id='line_1_33' title="bbox 148 3309 1326 3404; baseline -0.003 -17"><span class='ocrx_word' id='word_1_259' title='bbox 148 3309 306 3361; x_wconf 41' lang='lat' dir='ltr'><em>mmm*</em></span> <span class='ocrx_word' id='word_1_260' title='bbox 345 3350 435 3404; x_wconf 82' lang='lat' dir='ltr'><em>quam</em></span> <span class='ocrx_word' id='word_1_261' title='bbox 461 3332 573 3387; x_wconf 85' lang='lat' dir='ltr'><em>habent</em></span> <span class='ocrx_word' id='word_1_262' title='bbox 590 3330 707 3403; x_wconf 82' lang='lat' dir='ltr'><em>decepti</em></span> <span class='ocrx_word' id='word_1_263' title='bbox 732 3349 824 3387; x_wconf 87' lang='lat' dir='ltr'><em>novos</em></span> <span class='ocrx_word' id='word_1_264' title='bbox 848 3330 969 3387; x_wconf 88' lang='lat' dir='ltr'><em>ordines</em></span> <span class='ocrx_word' id='word_1_265' title='bbox 993 3329 1023 3386; x_wconf 92' lang='lat' dir='ltr'><em>in</em></span> <span class='ocrx_word' id='word_1_266' title='bbox 1046 3344 1128 3387; x_wconf 88' lang='lat' dir='ltr'><em>secta</em></span> <span class='ocrx_word' id='word_1_267' title='bbox 1145 3328 1257 3385; x_wconf 83' lang='lat' dir='ltr'><em>Christi</em></span> <span class='ocrx_word' id='word_1_268' title='bbox 1282 3328 1326 3384; x_wconf 91' lang='lat' dir='ltr'><em>in·</em></span> 
     </span>
     <span class='ocr_line' id='line_1_34' title="bbox 346 3415 1327 3490; baseline -0.003 -17"><span class='ocrx_word' id='word_1_269' title='bbox 346 3418 514 3473; x_wconf 84' lang='lat' dir='ltr'><em>fundabiles</em></span> <span class='ocrx_word' id='word_1_270' title='bbox 540 3417 716 3474; x_wconf 80' lang='lat' dir='ltr'><em>fabricando</em></span> <span class='ocrx_word' id='word_1_271' title='bbox 741 3418 911 3474; x_wconf 88' lang='lat' dir='ltr'><em>cuiusmodi</em></span> <span class='ocrx_word' id='word_1_272' title='bbox 936 3431 1005 3474; x_wconf 90' lang='lat' dir='ltr'><em>sunt</em></span> <span class='ocrx_word' id='word_1_273' title='bbox 1029 3417 1158 3490; x_wconf 87' lang='lat' dir='ltr'><em>religiosi</em></span> <span class='ocrx_word' id='word_1_274' title='bbox 1185 3415 1327 3490; x_wconf 85' lang='lat' dir='ltr'><em>possessi-</em></span> 
     </span>
     <span class='ocr_line' id='line_1_35' title="bbox 344 3503 1326 3578; baseline -0.003 -17"><span class='ocrx_word' id='word_1_275' title='bbox 344 3505 436 3564; x_wconf 84' lang='lat' dir='ltr'><em>onati.</em></span> <span class='ocrx_word' id='word_1_276' title='bbox 469 3504 595 3560; x_wconf 88' lang='lat' dir='ltr'><em>Tercius</em></span> <span class='ocrx_word' id='word_1_277' title='bbox 619 3518 720 3560; x_wconf 85' lang='lat' dir='ltr'><em>autem</em></span> <span class='ocrx_word' id='word_1_278' title='bbox 745 3507 856 3578; x_wconf 84' lang='lat' dir='ltr'><em>gradus</em></span> <span class='ocrx_word' id='word_1_279' title='bbox 884 3505 943 3561; x_wconf 87' lang='lat' dir='ltr'><em>olei</em></span> <span class='ocrx_word' id='word_1_280' title='bbox 969 3504 1121 3560; x_wconf 84' lang='lat' dir='ltr'><em>falsissimi</em></span> <span class='ocrx_word' id='word_1_281' title='bbox 1146 3517 1189 3560; x_wconf 88' lang='lat' dir='ltr'><em>est</em></span> <span class='ocrx_word' id='word_1_282' title='bbox 1213 3503 1244 3558; x_wconf 87' lang='lat' dir='ltr'><em>in</em></span> <span class='ocrx_word' id='word_1_283' title='bbox 1269 3505 1326 3559; x_wconf 83' lang='lat' dir='ltr'><em>Ro-</em></span> 
     </span>
     <span class='ocr_line' id='line_1_36' title="bbox 346 3592 1373 3662; baseline -0.002 -15"><span class='ocrx_word' id='word_1_284' title='bbox 346 3613 434 3649; x_wconf 86' lang='lat' dir='ltr'><em>mana</em></span> <span class='ocrx_word' id='word_1_285' title='bbox 459 3593 552 3662; x_wconf 84' lang='lat' dir='ltr'><em>curin,</em></span> <span class='ocrx_word' id='word_1_286' title='bbox 579 3592 628 3648; x_wconf 88' lang='lat' dir='ltr'><em>ubi</em></span> <span class='ocrx_word' id='word_1_287' title='bbox 654 3592 791 3648; x_wconf 85' lang='lat' dir='ltr'><em>homines</em></span> <span class='ocrx_word' id='word_1_288' title='bbox 820 3594 931 3647; x_wconf 87' lang='lat' dir='ltr'><em>nedum</em></span> <span class='ocrx_word' id='word_1_289' title='bbox 956 3593 1060 3648; x_wconf 73' lang='lat' dir='ltr'><em>uolunt</em></span> <span class='ocrx_word' id='word_1_290' title='bbox 1084 3593 1213 3648; x_wconf 79' lang='lat' dir='ltr'><em>vendere</em></span> <span class='ocrx_word' id='word_1_291' title='bbox 1237 3592 1373 3646; x_wconf 77' lang='lat' dir='ltr'><em>bene-35</em></span> 
     </span>
     <span class='ocr_line' id='line_1_37' title="bbox 274 3677 1328 3750; baseline -0.003 -14"><span class='ocrx_word' id='word_1_292' title='bbox 274 3706 276 3709; x_wconf 95' lang='lat'>·</span> <span class='ocrx_word' id='word_1_293' title='bbox 345 3681 412 3736; x_wconf 74' lang='lat' dir='ltr'><em>licia</em></span> <span class='ocrx_word' id='word_1_294' title='bbox 437 3680 638 3736; x_wconf 80' lang='lat' dir='ltr'><em>ecelesiastica</em></span> <span class='ocrx_word' id='word_1_295' title='bbox 664 3682 714 3735; x_wconf 82' lang='lat' dir='ltr'><em>sed</em></span> <span class='ocrx_word' id='word_1_296' title='bbox 732 3679 942 3735; x_wconf 82' lang='lat' dir='ltr'><em>absoluciones</em></span> <span class='ocrx_word' id='word_1_297' title='bbox 966 3693 993 3734; x_wconf 86' lang='lat' dir='ltr'><em>et</em></span> <span class='ocrx_word' id='word_1_298' title='bbox 1019 3677 1225 3750; x_wconf 84' lang='lat' dir='ltr'><em>indulgencias</em></span> <span class='ocrx_word' id='word_1_299' title='bbox 1249 3678 1328 3733; x_wconf 83' lang='lat' dir='ltr'><em>ultra</em></span> 
     </span>
     <span class='ocr_line' id='line_1_38' title="bbox 344 3767 1328 3840; baseline -0.003 -17"><span class='ocrx_word' id='word_1_300' title='bbox 344 3788 435 3840; x_wconf 86' lang='lat' dir='ltr'><em>quam</em></span> <span class='ocrx_word' id='word_1_301' title='bbox 462 3767 598 3824; x_wconf 78' lang='lat' dir='ltr'><em>Christus</em></span> <span class='ocrx_word' id='word_1_302' title='bbox 624 3781 650 3822; x_wconf 85' lang='lat' dir='ltr'><em>et</em></span> <span class='ocrx_word' id='word_1_303' title='bbox 676 3767 720 3822; x_wconf 85' lang='lat' dir='ltr'><em>sui</em></span> <span class='ocrx_word' id='word_1_304' title='bbox 746 3767 874 3840; x_wconf 80' lang='lat' dir='ltr'><em>apostoli</em></span> <span class='ocrx_word' id='word_1_305' title='bbox 900 3769 1027 3821; x_wconf 82' lang='lat' dir='ltr'><em>vendere</em></span> <span class='ocrx_word' id='word_1_306' title='bbox 1053 3779 1229 3839; x_wconf 78' lang='lat' dir='ltr'><em>potuerunt:</em></span> <span class='ocrx_word' id='word_1_307' title='bbox 1259 3782 1328 3838; x_wconf 88' lang='lat' dir='ltr'><em>pec-</em></span> 
     </span>
     <span class='ocr_line' id='line_1_39' title="bbox 345 3852 1328 3911; baseline -0.002 -2"><span class='ocrx_word' id='word_1_308' title='bbox 345 3869 445 3910; x_wconf 85' lang='lat' dir='ltr'><em>catum</em></span> <span class='ocrx_word' id='word_1_309' title='bbox 471 3869 573 3911; x_wconf 88' lang='lat' dir='ltr'><em>autem</em></span> <span class='ocrx_word' id='word_1_310' title='bbox 599 3855 724 3910; x_wconf 87' lang='lat' dir='ltr'><em>istorum</em></span> <span class='ocrx_word' id='word_1_311' title='bbox 759 3854 950 3910; x_wconf 80' lang='lat' dir='ltr'><em>venditorum</em></span> <span class='ocrx_word' id='word_1_312' title='bbox 976 3855 1085 3909; x_wconf 90' lang='lat' dir='ltr'><em>debent</em></span> <span class='ocrx_word' id='word_1_313' title='bbox 1116 3852 1218 3908; x_wconf 85' lang='lat' dir='ltr'><em>fideles</em></span> <span class='ocrx_word' id='word_1_314' title='bbox 1241 3865 1328 3908; x_wconf 89' lang='lat' dir='ltr'><em>acute</em></span> 
     </span>
    </p>
   </div>
   <div class='ocr_carea' id='block_1_3' title="bbox 344 4151 1328 4260">
    <p class='ocr_par' dir='ltr' id='par_1_6' title="bbox 344 4151 1328 4260">
     <span class='ocr_line' id='line_1_40' title="bbox 395 4151 1328 4208; baseline -0.004 -12"><span class='ocrx_word' id='word_1_315' title='bbox 395 4154 527 4208; x_wconf 76' lang='lat' dir='ltr'><em>·.¹.A:qut.</em></span> <span class='ocrx_word' id='word_1_316' title='bbox 581 4152 934 4208; x_wconf 58' lang='lat' dir='ltr'><em>4.Aiumarenleronumus.</em></span> <span class='ocrx_word' id='word_1_317' title='bbox 989 4151 1105 4204; x_wconf 54' lang='lat' dir='ltr'><em>nullut</em></span> <span class='ocrx_word' id='word_1_318' title='bbox 1119 4152 1192 4194; x_wconf 79' lang='lat' dir='ltr'><em>deest.</em></span> <span class='ocrx_word' id='word_1_319' title='bbox 1246 4152 1328 4193; x_wconf 75' lang='lat' dir='ltr'><em>nnA:</em></span> 
     </span>
     <span class='ocr_line' id='line_1_41' title="bbox 344 4202 1327 4260; baseline -0.001 -13"><span class='ocrx_word' id='word_1_320' title='bbox 344 4209 406 4248; x_wconf 65' lang='lat' dir='ltr'><em>r’enr&#39;t</em></span> <span class='ocrx_word' id='word_1_321' title='bbox 418 4218 516 4260; x_wconf 83' lang='lat' dir='ltr'><em>sponsus</em></span> <span class='ocrx_word' id='word_1_322' title='bbox 530 4207 600 4248; x_wconf 77' lang='lat' dir='ltr'><em>deest.</em></span> <span class='ocrx_word' id='word_1_323' title='bbox 668 4208 703 4249; x_wconf 72' lang='lat' dir='ltr'><em>ati.</em></span> <span class='ocrx_word' id='word_1_324' title='bbox 720 4208 739 4248; x_wconf 89' lang='grc' dir='ltr'>Α</span> <span class='ocrx_word' id='word_1_325' title='bbox 756 4208 778 4248; x_wconf 90' lang='lat' dir='ltr'><em>in</em></span> <span class='ocrx_word' id='word_1_326' title='bbox 795 4218 882 4258; x_wconf 78' lang='lat' dir='ltr'><em>mnrg.:</em></span> <span class='ocrx_word' id='word_1_327' title='bbox 897 4205 1021 4248; x_wconf 78' lang='lat' dir='ltr'><em>lolianncs</em></span> <span class='ocrx_word' id='word_1_328' title='bbox 1102 4202 1137 4255; x_wconf 75' lang='lat'><em>34.</em></span> <span class='ocrx_word' id='word_1_329' title='bbox 1153 4203 1182 4246; x_wconf 84' lang='lat' dir='ltr'><em>ll:</em></span> <span class='ocrx_word' id='word_1_330' title='bbox 1197 4204 1327 4246; x_wconf 83' lang='lat' dir='ltr'><em>salsissimi.</em></span> 
     </span>
    </p>
   </div>
   <div class='ocr_carea' id='block_1_4' title="bbox 345 4329 1329 4453">
    <p class='ocr_par' dir='ltr' id='par_1_7' title="bbox 345 4329 1329 4453">
     <span class='ocr_line' id='line_1_42' title="bbox 394 4329 1329 4394; baseline -0.003 -15"><span class='ocrx_word' id='word_1_331' title='bbox 394 4350 418 4393; x_wconf 76' lang='lat'><em>4.</em></span> <span class='ocrx_word' id='word_1_332' title='bbox 448 4334 551 4381; x_wconf 70' lang='lat' dir='ltr'><em>(lissum.</em></span> <span class='ocrx_word' id='word_1_333' title='bbox 580 4333 603 4379; x_wconf 87' lang='lat' dir='ltr'><em>in</em></span> <span class='ocrx_word' id='word_1_334' title='bbox 634 4333 723 4380; x_wconf 76' lang='lat' dir='ltr'><em>Manli.</em></span> <span class='ocrx_word' id='word_1_335' title='bbox 754 4333 768 4379; x_wconf 94' lang='lat' dir='ltr'><em>l.</em></span> <span class='ocrx_word' id='word_1_336' title='bbox 793 4348 814 4379; x_wconf 78' lang='lat' dir='ltr'><em>c.</em></span> <span class='ocrx_word' id='word_1_337' title='bbox 840 4347 897 4394; x_wconf 82' lang='lat' dir='ltr'><em>pag.</em></span> <span class='ocrx_word' id='word_1_338' title='bbox 928 4345 985 4392; x_wconf 77' lang='lat'><em>204,</em></span> <span class='ocrx_word' id='word_1_339' title='bbox 1074 4329 1097 4377; x_wconf 77' lang='lat'><em>8.</em></span> <span class='ocrx_word' id='word_1_340' title='bbox 1126 4330 1176 4378; x_wconf 80' lang='lat' dir='ltr'><em>les.</em></span> <span class='ocrx_word' id='word_1_341' title='bbox 1205 4329 1259 4390; x_wconf 75' lang='lat' dir='ltr'><em>Vll,</em></span> <span class='ocrx_word' id='word_1_342' title='bbox 1291 4332 1329 4377; x_wconf 80' lang='lat' dir='ltr'><em>ili.</em></span> 
     </span>
     <span class='ocr_line' id='line_1_43' title="bbox 345 4400 607 4453; baseline -0.011 -3"><span class='ocrx_word' id='word_1_343' title='bbox 345 4417 383 4450; x_wconf 84' lang='lat'><em>20.</em></span> <span class='ocrx_word' id='word_1_344' title='bbox 405 4404 500 4449; x_wconf 69' lang='lat' dir='ltr'><em>l‘satm.</em></span> <span class='ocrx_word' id='word_1_345' title='bbox 521 4404 561 4453; x_wconf 84' lang='lat' dir='ltr'><em>Vt.</em></span> <span class='ocrx_word' id='word_1_346' title='bbox 582 4400 607 4447; x_wconf 67' lang='lat' dir='ltr'><em>ti.</em></span> 
     </span>
    </p>
   </div>
   <div class='ocr_carea' id='block_1_5' title="bbox 0 0 1568 5130">
    <p class='ocr_par' dir='ltr' id='par_1_8' title="bbox 0 0 1568 5130">
     <span class='ocr_line' id='line_1_44' title="bbox 0 0 1568 5130; baseline 0 0"><span class='ocrx_word' id='word_1_347' title='bbox 0 0 1568 5130; x_wconf 95' lang='lat' dir='ltr'><em> </em></span> 
     </span>
    </p>
   </div>
  </div>
 </body>
</html>
