3098 5130
194 458 260 503 car.
278 446 352 529 na]
470 465 514 513 nn
536 463 772 513 anrtcnarsro
794 465 856 513 trin.
876 465 893 513 i.
957 479 959 482 ⁴

195 625 332 682 videntur
355 624 479 699 quidam
505 625 616 681 molere
638 624 765 680 farinam
791 623 902 693 anime,
926 637 958 679 ut
982 623 1180 699 spiritualiter

194 712 377 770 nutriantur.

236 800 421 872 Augustinus
445 812 544 855 autem
563 798 682 854 videtur
706 816 855 877 erponere
879 798 1063 873 complecius
1088 798 1195 869 istum,
1223 810 1364 863 airgustine:

194 898 305 942 textum
332 889 368 943 de
385 885 495 960 triplici
520 899 600 942 statu
617 885 741 942 ecclesie
766 885 931 955 militantis,
958 884 1086 959 primam
1113 905 1180 960 par·
1196 861 1391 958 Ιξῖζξξῃὴὲιὲξξ

169 980 253 1028 item
288 976 324 1029 de
362 972 614 1048 predicatoribus,
639 991 767 1047 quorum
799 972 860 1028 vita
884 974 1113 1047 quodammodo
1137 986 1180 1029 est
1210 967 1376 1062 ³s2n¹g¹0bgg⁰d

195 1060 372 1121 commixta:
403 1062 567 1116 secundam
592 1073 710 1133 partem
735 1062 772 1116 de
796 1059 1031 1134 laboratoribus,
1070 1073 1098 1116 et
1122 1073 1180 1117 ter·
1213 1072 1371 1126 respectivety.

195 1147 271 1203 ciam
297 1161 414 1222 partem
439 1150 476 1203 de
493 1147 717 1221 quiescentibus
733 1149 771 1203 ab
788 1146 853 1204 istis
876 1148 993 1203 duobus
1010 1146 1180 1209 laboribus:

194 1237 246 1291 sed
264 1234 501 1308 contemplando
518 1234 660 1291 continue
677 1248 785 1308 rogant
803 1236 912 1295 Deum.
932 1236 1016 1291 Unde
1033 1233 1062 1290 in
1080 1234 1180 1308 primo

194 1335 326 1379 tractatu
351 1322 461 1378 Psalmi
486 1323 603 1377 XXXVI
636 1321 678 1378 sic
707 1320 825 1378 scribit:
863 1322 929 1377 Jam
963 1339 1033 1377 vero
1063 1320 1128 1396 quia
1152 1322 1180 1377 in

154 1427 361 1486 roquocunque
383 1427 493 1487 genere
525 1409 582 1465 rite
603 1411 682 1484 quod
704 1409 789 1464 hahet
817 1408 944 1483 aliquam
965 1409 1179 1485 professionem

195 1515 250 1551 non
274 1514 373 1553 onmes
395 1496 579 1552 inueniuntur
598 1496 695 1571 probi,
724 1514 779 1550 non
807 1514 906 1552 omnes
929 1496 1113 1552 inueniuntur
1135 1514 1181 1552 re·

191 1584 288 1658 prohi,
313 1602 351 1640 ex
374 1584 429 1640 hoc
444 1595 578 1660 apparet,
601 1583 667 1657 quia
690 1584 726 1639 de
741 1584 912 1658 quibusdam
930 1584 1077 1639 hominum
1093 1601 1180 1660 geue-

195 1671 276 1727 ribus
307 1690 362 1747 que
381 1689 438 1746 per
460 1671 666 1727 similitudines
689 1670 717 1725 in
741 1671 894 1748 evangelio
918 1674 1005 1727 modo
1024 1670 1178 1746 proposita

193 1759 359 1814 audivimus
381 1758 422 1814 sic
439 1758 637 1814 concluditur:
666 1757 745 1814 liius
760 1770 928 1814 assumetur
949 1769 977 1814 et
999 1759 1076 1813 alter
1092 1757 1178 1813 relin-

155 1852 305 1918 iiquetur.
331 1846 503 1901 ,lssutnetur
523 1846 623 1913 honus,
647 1844 827 1920 relinquetur
844 1845 947 1915 malus,
972 1844 1107 1900 videntur
1124 1845 1180 1899 duo

195 1933 222 1986 in
246 1952 333 2009 agro.
358 1933 470 1988 Eadem
492 1932 641 2007 professio
665 1943 707 1987 est
729 1933 783 1988 sed
805 1932 951 1988 nunidem
976 1950 1039 2003 cor,
1060 1932 1179 2006 prases-

193 2019 301 2074 sionem
328 2020 424 2074 rident
448 2020 587 2091 hanzines,
612 2037 664 2075 cor
688 2020 765 2074 norit
789 2020 888 2088 Deus,·
919 2020 995 2093 quod
1018 2018 1084 2074 licet
1107 2037 1180 2096 ergo

194 2125 271 2182 agro
295 2107 438 2183 significet
473 2125 545 2161 unus
568 2117 734 2162 assumetur
766 2118 792 2161 et
816 2124 889 2161 tinns
920 2105 1102 2180 relinquetur
1124 2124 1180 2161 non

194 2194 277 2267 quasi
300 2194 420 2248 dimidia
440 2212 515 2269 pars
538 2204 704 2249 assumetur
732 2204 758 2248 et
782 2193 902 2248 dimidia
927 2193 1107 2267 relinquetur
1128 2194 1182 2248 sed

152 2298 303 2356 rogenera
327 2281 473 2336 hominum
492 2282 548 2334 duo
565 2281 644 2351 dicit,
667 2291 693 2335 et
716 2281 742 2334 si
756 2280 838 2334 aliud
853 2298 953 2336 eorum
977 2280 1014 2334 sit
1037 2279 1065 2334 iu
1078 2280 1181 2356 parteis

194 2367 275 2421 aliud
290 2368 318 2421 in
341 2368 447 2422 multis.
476 2368 554 2421 thus
578 2378 745 2424 assumetur
768 2378 794 2422 et
817 2386 890 2422 unus
914 2367 1102 2441 relinquetur,
1126 2367 1180 2421 sic-

193 2466 223 2508 ut
247 2455 273 2508 in
291 2454 364 2510 lecto
387 2455 472 2510 sicin
490 2454 664 2512 hiolendino.
689 2454 861 2529 E.t·pectatis
875 2455 1013 2529 fortasse
1035 2454 1104 2528 quid
1126 2454 1180 2508 ista

192 2542 257 2596 sint.
289 2542 395 2597 Videtis
418 2552 491 2596 tecta
516 2560 577 2597 csse
599 2553 626 2597 et
648 2541 883 2596 similitudinibus
905 2541 1076 2617 quibusdam
1100 2540 1180 2594 inro-

193 2629 272 2695 luta,·
284 2639 380 2703 potest
398 2629 485 2683 michi
503 2628 584 2682 aliud
601 2628 704 2695 rideri,
728 2628 816 2683 alteri
831 2628 921 2698 aliud,
944 2629 997 2684 sed
1014 2645 1102 2702 neque
1125 2645 1181 2704 ego

151 2723 182 2771 25
194 2717 270 2790 qrtod
294 2716 400 2771 dicero
421 2716 573 2791 prescriho
593 2715 682 2771 alteri
696 2716 735 2770 ad
752 2715 900 2771 meliorem
918 2715 1105 2785 intellectum,
1130 2732 1180 2770 nec

194 2803 242 2857 ille
266 2803 354 2857 michi
375 2813 486 2858 tanturn
510 2803 536 2858 si
559 2814 712 2876 utrumque
734 2802 932 2878 accipiendum
955 2803 1003 2871 sit,
1027 2813 1181 2877 utrumque

194 2901 288 2944 tamen
303 2890 369 2966 fide
400 2890 563 2945 concordet.
611 2890 750 2944 Videntur
774 2890 861 2945 michi
889 2890 917 2944 in
940 2908 1018 2967 agro
1042 2889 1181 2944 laborare

194 2977 242 3050 qui
262 2987 384 3051 presunt
406 2976 542 3045 ecclesiis,
566 2977 638 3032 sicut
667 2976 736 3031 dicit
764 2976 936 3051 Apostolus:
968 2977 1027 3033 Ilei
1047 2976 1180 3054 agricul-

195 3075 272 3131 tura,
307 3064 363 3119 Dei
394 3063 542 3140 edificacio
580 3063 655 3119 estis.
696 3064 772 3118 Num
806 3063 995 3119 architectum
1032 3081 1064 3119 se
1096 3063 1180 3133 dixit,

154 3151 309 3224 toquando
348 3151 417 3206 dicit
446 3161 475 3205 ut
498 3150 614 3225 sapiens
646 3150 824 3206 architectus
839 3151 1069 3225 fundamentum
1095 3151 1183 3226 posui

195 3249 221 3291 et
244 3239 409 3314 agricolani
438 3256 469 3292 se
492 3238 576 3293 dicit:
613 3238 681 3315 Ego
701 3238 845 3312 plantavi,
868 3238 973 3313 Apollo
997 3238 1108 3315 rigavit
1130 3238 1182 3293 sed

196 3325 277 3379 Deus
294 3325 501 3380 incrementum
527 3325 615 3382 dedit.
640 3326 672 3379 ln
696 3325 860 3380 molendino
876 3336 972 3380 autern
998 3325 1071 3380 ditas
1096 3324 1180 3391 dixit,

105 3414 167 3478 „tric
196 3431 251 3466 non
276 3412 364 3476 duos,·
387 3412 475 3467 credo
498 3413 576 3486 qrtod
600 3412 651 3467 hec
665 3412 773 3489 figura
796 3412 836 3466 ad
855 3412 955 3487 plebes
974 3411 1121 3487 pertineat
1143 3409 1148 3490 Ι
1171 3430 1182 3479 ;

195 3498 260 3572 quio
281 3499 427 3573 prepositi
450 3509 567 3575 regunt,
588 3499 688 3573 plebes
711 3510 806 3554 autem
832 3510 994 3575 reguntur,-
1023 3510 1049 3553 et
1073 3499 1180 3553 molen·

154 3586 294 3640 :stanuum
314 3596 385 3661 puto
410 3586 516 3640 dictum
534 3587 672 3640 mundum
697 3586 782 3641 istum
807 3585 856 3659 qni
878 3596 943 3641 rota
958 3586 1084 3660 quadarn
1109 3595 1179 3639 tem-

192 3690 300 3747 porum
322 3673 461 3751 ’uolnitur
493 3684 520 3728 et
543 3684 690 3728 amatores
722 3691 790 3728 suos
818 3673 950 3729 conterit.
989 3672 1069 3727 Sicut
1107 3690 1181 3747 ergo

195 3759 244 3834 qui
267 3760 302 3814 de
325 3759 488 3815 accionibus
522 3760 623 3814 muudi
653 3778 708 3815 non
733 3761 881 3831 recedunt,
917 3760 970 3814 sed
988 3777 1056 3814 ‚cunr
1082 3758 1183 3814 etalii

258 4084 277 4128 3.
292 4088 312 4128 Α
333 4087 355 4128 in
372 4097 458 4139 marga
474 4085 627 4142 Augustinus.
717 4098 743 4128 n.
759 4088 792 4128 A:
808 4086 964 4128 invenientur.
1046 4096 1078 4136 14,
1095 4085 1123 4127 n.
1144 4087 1180 4127 A:

197 4144 219 4179 rt
233 4150 291 4181 unus
307 4139 454 4194 relinquitur.
539 4151 570 4191 21,
585 4150 620 4180 22.
642 4140 675 4180 A:
696 4139 730 4180 ric
743 4138 767 4180 in
782 4139 848 4181 lecto.
928 4136 963 4180 30.
986 4140 1021 4179 A:
1044 4148 1094 4179 curu
1117 4136 1180 4180 dicit.

197 4189 231 4232 to.
248 4193 282 4234 A:
298 4191 358 4233 Sunt
372 4203 439 4247 ergo.
460 4190 514 4233 Bin
531 4203 616 4243 marga
632 4191 739 4232 correxit.

248 4334 449 4399 ti.S.Augustini
462 4334 655 4399 Opp.tom.lV,
670 4349 690 4394 r,
701 4349 725 4398 p.
734 4332 880 4399 258-259.
902 4348 941 4381 21.
953 4332 1042 4382 hlattb.
1053 4333 1143 4395 XXIV,
1156 4349 1181 4397 4.

199 4402 239 4450 28.
259 4405 276 4451 Ι.
297 4404 357 4452 Cor.
378 4404 418 4463 ΙΙΙ,
436 4402 460 4451 6.
544 4405 585 4454 31.
605 4404 623 4451 Ι.
642 4403 703 4452 Cor.
722 4403 765 4463 lli,
783 4402 809 4453 6.
