3030 5130
563 472 654 522 OPUS
672 471 925 521 Et'ns'offlctflst
946 471 1010 520 1]ss.
1029 470 1072 520 111.
1159 454 1254 537 [CAP.
1270 470 1337 517 XXI.

325 634 486 704 contraria,
511 652 581 691 num
607 638 651 702 (ut
667 645 779 688 tactum
797 648 841 688 est
856 629 1006 705 superius)
1027 649 1097 688 cum
1114 630 1181 689 uita
1198 633 1337 709 Christi,

324 723 534 799 apostolorum
564 734 593 776 et
624 732 789 792 martyrum
819 717 857 775 sit
886 717 1042 775 manifeste
1065 717 1126 775 illis
1151 722 1335 795 contraria,

322 812 597 868 verecundarentur
620 806 643 862 si
662 820 819 881 peccatum
837 806 918 880 ipsos
937 824 1000 862 non
1016 806 1170 863 cecaverit
1187 810 1335 886 solemp-

323 898 454 954 nizando
487 895 587 952 taliter
611 895 666 950 ista
691 893 775 950 festa.
805 896 840 949 Et
873 893 916 950 sic
940 906 984 950 est
1018 894 1054 950 de
1077 894 1158 950 festo
1183 897 1335 972 corporis

324 984 434 1042 Christi
459 998 488 1041 et
512 982 580 1039 aliis
604 1000 671 1038 cum
698 980 807 1054 quibus
831 994 931 1055 preter
955 980 1173 1039 auctoritatem
1197 984 1361 1046 Dominis

324 1073 451 1145 fatigant
474 1069 641 1145 ypocritice
664 1067 821 1124 ecclesiam
848 1066 1038 1125 militantem.

141 1152 220 1197 ‘3¹¹¹'³⁵¹
237 1152 278 1194 ¹¹³³
367 1160 454 1215 Unde
478 1156 616 1214 Christus
639 1156 721 1230 ipsos
743 1153 933 1211 necessitavit
949 1154 1082 1212 inserere
1106 1154 1137 1212 in
1155 1156 1219 1215 hiis
1245 1158 1337 1219 festis

137 1204 282 1299 ‘'i-iiiiii?
324 1248 454 1321 quedam
484 1263 543 1320 que
566 1243 679 1300 directe
695 1256 764 1299 sunt
787 1241 903 1311 legibus
919 1241 980 1298 suis
997 1242 1163 1321 contraria,
1188 1248 1334 1320 quedam

139 1309 278 1405 η’ᾖζῃῆξὲῖξς
325 1353 384 1409 que
407 1347 476 1389 sunt
500 1334 537 1388 de
562 1330 684 1387 racione
712 1331 758 1386 vel
787 1328 937 1403 scriptura
968 1328 1172 1387 infundabilia
1198 1346 1231 1389 et
1257 1352 1337 1409 que·

126 1413 301 1457 ¹¹0W⁵01V50⁰⁸·
325 1423 407 1485 dam,
441 1433 473 1476 ut
506 1416 651 1493 ypocrisis
683 1436 737 1473 sua
771 1416 866 1490 magis
898 1429 1054 1491 appareat,
1083 1434 1144 1491 que
1173 1434 1253 1477 sunt
1284 1438 1381 1482 ex-ro

325 1526 428 1583 presse
464 1505 631 1562 fundabilia
665 1504 695 1561 in
735 1503 895 1578 scripturn,
934 1516 966 1559 ut
1005 1502 1035 1559 in
1069 1503 1147 1561 festo
1181 1508 1336 1583 corporis

326 1593 437 1652 Christi
462 1593 654 1650 instituerunt
678 1593 758 1667 quod
783 1603 873 1648 canat
898 1590 1038 1648 ecclesia:

541 1698 664 1753 Verbum
689 1715 759 1753 curo
778 1714 885 1772 penem
911 1714 1011 1752 rerum

584 1785 675 1840 Verbo
699 1801 816 1840 carnem
840 1783 940 1859 efficit,

533 1873 637 1946 Fitque
657 1870 779 1949 sanguis
806 1871 919 1927 Christi
940 1887 1052 1926 merum

579 1960 618 2015 Er
640 1960 666 2016 si
687 1977 787 2015 sensus
810 1958 914 2036 deficit.

371 2068 407 2121 Et
425 2079 526 2121 tamen
544 2064 641 2120 maior
653 2083 722 2138 pars
739 2061 965 2120 institueneium
985 2062 1335 2138 etsolempnizancium

328 2154 406 2208 istud
432 2152 538 2208 festum
564 2150 636 2208 dicit
659 2153 741 2226 quod
758 2151 813 2206 iste
837 2162 943 2207 cantus
971 2163 1014 2206 est
1038 2150 1190 2208 hereticus
1216 2166 1247 2209 et
1275 2152 1338 2212 im·

328 2237 490 2314 possibilis,
516 2241 586 2295 dum
613 2238 691 2295 iilius
713 2238 765 2294 Dei
790 2257 849 2293 non
869 2251 966 2312 potest
982 2236 1081 2294 facere
1099 2238 1192 2295 istum
1212 2260 1335 2315 panem

329 2346 392 2383 esse
425 2345 534 2400 corpus
567 2345 665 2397 suum,
700 2345 755 2382 nec
787 2324 867 2381 istud
899 2324 1002 2380 sinum
1036 2343 1100 2383 esse
1138 2327 1384 2401 sanguinem20

329 2433 427 2479 suum,
452 2427 481 2470 et
504 2415 546 2470 sic
570 2416 607 2470 de
631 2412 838 2470 accidentibus
862 2412 925 2468 sine
946 2410 1082 2469 subiecto
1105 2431 1165 2487 que
1189 2414 1338 2475 heretice

331 2501 510 2576 imprimunt
543 2500 572 2557 in
608 2500 751 2574 legendis.
778 2500 852 2571 Quis
877 2518 948 2574 ergo
973 2500 1057 2556 color
1079 2500 1126 2556 vel
1151 2500 1275 2561 fructus
1302 2504 1337 2563 in

331 2587 569 2645 institutionibus
592 2587 661 2644 talis
685 2587 769 2644 sesti?

708 2810 813 2875 CAP.
836 2810 942 2874 XXI.

374 2956 517 3031 Sequitur
548 2956 578 3012 in
613 2969 692 3013 textu
721 2954 866 3029 evangelii
891 2956 971 3011 soh:
996 2954 1075 3010 Eece
1097 2972 1152 3031 ego
1176 2955 1265 3012 mitto
1290 2960 1380 3016 adei

332 3064 382 3101 ros
395 3046 556 3121 prophetes
579 3055 605 3100 et
628 3043 772 3119 sapientes
795 3054 822 3098 et
844 3042 967 3112 scribas,
992 3053 1020 3097 et
1043 3059 1082 3097 ex
1104 3041 1163 3097 iliis
1185 3043 1337 3101 occideris

332 3144 358 3187 et
381 3131 558 3209 crucifigetis
582 3143 608 3186 et
632 3131 751 3186 exiliis
766 3130 963 3207 flagellabitis
986 3129 1014 3184 in
1038 3128 1193 3207 sinagogis
1219 3132 1336 3189 vestris

331 3231 358 3275 et
387 3218 596 3296 persequimini
626 3219 662 3273 de
694 3218 809 3272 civitate
832 3218 859 3272 in
886 3216 1042 3281 ciuitatem,
1066 3227 1097 3272 ut
1122 3216 1219 3271 reniet
1235 3236 1335 3293 super

333 3325 383 3363 uns
407 3307 498 3363 nuruis·
521 3305 642 3383 sanguis·
666 3305 767 3375 iustus,
790 3305 839 3379 qui
861 3305 967 3379 effusus
990 3315 1031 3358 est
1054 3322 1143 3379 super
1165 3314 1284 3361 terrum
1312 3326 1333 3363 a

330 3394 473 3471 sauguine
495 3394 568 3449 Abel
589 3392 657 3449 iusti
679 3393 828 3466 usquead
849 3391 1020 3467 ,sarrguinem
1037 3390 1160 3446 chnrie
1176 3390 1244 3468 filii
1264 3392 1380 3451 Ber-30

332 3482 432 3538 rachio
455 3500 536 3556 quern
561 3479 706 3537 occidistis
728 3479 805 3534 inter
822 3478 959 3554 ternplum
977 3489 1004 3533 et
1019 3472 1123 3533 airure'.
1148 3478 1243 3535 Amen
1260 3480 1333 3539 dico

334 3569 423 3640 vobis,
447 3569 557 3625 venient
573 3570 625 3623 hec
641 3566 736 3622 onznia
758 3584 847 3641 super
861 3565 1084 3643 generacionem
1106 3565 1200 3620 istam.

120 3676 220 3719 terune:
239 3673 315 3734 Toni*
377 3660 474 3731 Super
483 3653 739 3731 qqueronimus:
756 3653 821 3710 Hoc
831 3654 907 3728 quud
922 3664 988 3709 anre
999 3653 1186 3709 dixeramus:
1201 3652 1334 3729 implete

164 3742 195 3782 ’Ψ
209 3728 269 3770 ‘¹¹⁹¹‘
333 3763 497 3801 mensurant
511 3753 632 3819 patrum
650 3753 814 3798 uestrorum
826 3742 865 3796 nd
878 3758 1035 3816 personum
1043 3738 1164 3795 Domini
1173 3740 1334 3816 pertinere

130 3792 236 3826 tneasure
256 3780 310 3825 thev

152 3827 303 3929 t‘gfcfssied'
334 3852 366 3889 eu
394 3832 472 3907 quud
499 3831 673 3887 occidendus
704 3840 777 3885 esset
804 3830 840 3884 ab
868 3828 908 3883 eis
929 3837 1023 3902 potest
1047 3838 1074 3882 et
1097 3827 1137 3882 ad
1165 3826 1376 3903 discipulos3i

163 3892 281 3981 mliii-leis
335 3920 396 3976 eius
419 3937 452 3975 re
468 3919 539 3990 erri,
564 3918 599 3972 de
623 3917 723 3991 quibus
746 3934 820 3971 nunc
844 3915 966 3971 dicitur:
998 3914 1076 3970 Ecce
1098 3932 1153 3990 ego
1177 3913 1262 3971 mitro
1286 3918 1333 3973 ad

153 4002 179 4033 as
194 3989 244 4033 well
260 4002 286 4031 us

178 4040 265 4087 Christ.

388 4191 420 4236 25.
436 4190 453 4234 u
469 4191 491 4234 in
508 4201 594 4243 muru:
610 4199 644 4231 ιη.
713 4186 748 4229 uti.
765 4187 795 4229 li:
810 4192 832 4229 e!
846 4198 875 4229 es·
889 4187 931 4229 eis.

393 4338 430 4389 13.
450 4334 551 4395 Daniel,
566 4331 694 4381 Theseus.
711 4331 831 4397 hymnol.
846 4331 863 4393 1,
879 4330 936 4394 245.
951 4330 990 4380 Cf.
1004 4330 1043 4379 De
1056 4328 1228 4391 Eucharistiu‚
1242 4345 1270 4395 p.
1285 4332 1330 4383 25.

338 4410 380 4469 25.
399 4405 489 4457 Matth.
507 4404 595 4466 xxul,
616 4400 727 4468 34-313.
800 4404 840 4453 33.
861 4402 966 4455 Comm.
986 4401 1012 4449 in
1031 4398 1120 4453 Matth.
1139 4398 1156 4449 1.
1175 4412 1197 4449 c.
1217 4414 1245 4467 p.
1270 4398 1330 4473 189.
