3030 5130
583 478 673 527 <irus
692 478 944 528 enasor-:incuss
964 479 1029 527 rio.
1047 479 1088 529 iu.
1175 458 1265 547 [cae.
1281 476 1340 523 xn.

337 640 549 717 iustificabatnr
571 639 674 712 clipeis
698 640 753 695 nisi
770 658 828 714 per
841 639 936 714 fidem
963 639 1083 709 Christi,
1107 641 1242 698 irionime
1260 656 1340 718 post

335 729 492 783 aduentum
516 727 614 801 ipsius.
649 726 708 780 Sed
730 726 826 781 aditur
849 727 1067 782 instruebantur
1094 729 1233 804 exemplo
1255 731 1339 786 scri·

335 815 438 870 barum
463 825 490 869 et
510 814 717 889 plinriseormn
742 814 910 869 discredere
935 814 1054 871 Christo
1076 826 1103 870 et
1119 815 1338 890 blasphemare

335 920 399 956 eum
433 901 676 976 quemadmodum
709 912 736 955 et
768 900 820 955 illi.
854 900 893 956 Et
925 901 966 957 sic
985 901 1080 977 fiebat
1119 902 1211 977 duplo
1240 904 1338 979 filins

333 990 474 1065 gehenne.
510 987 653 1055 Primum,
687 988 753 1061 qnia
777 988 924 1043 idolorum
951 988 1058 1063 suerat
1081 989 1188 1057 cultor,
1222 991 1363 1051 scindes

335 1076 400 1149 qnia
425 1077 529 1150 sactus
552 1077 659 1150 suerat
681 1074 767 1150 filius
798 1075 1016 1149 blasphemator
1052 1075 1163 1132 Christi
1184 1088 1213 1132 et
1236 1078 1335 1135 inter-

335 1163 447 1236 fector.
482 1163 563 1217 Sicut
600 1172 627 1217 et
661 1181 735 1216 rittnc
771 1162 821 1237 qui
856 1163 960 1217 transit
1003 1164 1043 1218 ad
1074 1164 1200 1231 hereses,
1236 1166 1334 1242 duplo

336 1250 375 1327 fit
391 1250 477 1327 filins
499 1250 640 1326 gehenne,
669 1249 800 1323 prinnnn
833 1249 946 1323 quidem
969 1250 1035 1325 qnia
1061 1250 1213 1306 ueritatem
1237 1270 1333 1328 quam

335 1338 448 1394 tenebat
471 1336 596 1412 reliquit,
620 1336 724 1391 deinde
756 1336 822 1411 quia
838 1337 943 1410 sactus
970 1349 1012 1393 est
1035 1337 1227 1393 adversarius
1251 1340 1332 1396 ueri·

336 1424 411 1480 tntis.
448 1424 508 1490 Qui
537 1424 611 1480 enim
644 1423 672 1477 in
707 1423 858 1479 erroribus
889 1435 974 1480 iratus
1005 1436 1047 1480 est
1070 1437 1097 1481 et
1120 1425 1148 1480 in
1171 1426 1333 1484 erroribus
1347 1454 1378 1487 ιο

332 1521 515 1587 perseuerat,
548 1522 591 1567 est
614 1509 700 1586 filius
730 1510 871 1587 gehenne,
904 1511 953 1585 qui
982 1524 1077 1568 autem
1111 1524 1196 1569 iratus
1230 1525 1275 1570 est
1300 1514 1332 1571 in

338 1599 458 1654 ueritate
480 1610 507 1654 et
527 1609 652 1673 propter
674 1598 801 1672 aliquam
825 1616 943 1654 causam
972 1599 1149 1655 trtundiolem
1174 1599 1214 1655 ad
1233 1601 1332 1679 perfi-

337 1685 416 1741 diam
441 1685 562 1763 migrat.
588 1685 677 1760 ditplo
691 1685 732 1760 jn
747 1684 832 1761 filins
853 1686 994 1763 gehenne.
1019 1688 1082 1743 Hec
1106 1686 1331 1746 Crisostomus.

132 1784 309 1838 Tnenxtmay
381 1773 507 1830 Videtur
540 1773 613 1829 istos
648 1785 770 1828 sanctos
794 1773 986 1829 concorditer
1009 1775 1047 1830 ad
1071 1772 1255 1848 scripturam
1280 1774 1331 1833 in·

123 1837 325 1933 ,0'ff{[‡{,¹,‘{5,}¹,¹‚⁰0f
338 1878 430 1917 nuere
464 1859 689 1934 dampnabilem
724 1859 989 1916 consecracionem
1018 1860 1145 1917 istarum
1173 1872 1376 1924 sectarumri

125 1943 314 1986 ¹¹¹050¹¹s⁵“⁶‘⁵·
337 1961 482 2022 quatuor3
521 1947 592 2021 quia
630 1961 803 2020 pervertunt
844 1946 947 2003 fideles
992 1949 1029 2003 de
1074 1947 1205 2023 simplici
1244 1963 1331 2008 secta

338 2034 460 2106 Christi,
494 2048 525 2089 ut
550 2047 690 2091 notemus
715 2033 886 2091 cardinales
910 2048 938 2091 et
962 2035 1132 2109 episcopos,
1165 2054 1243 2109 quos
1268 2039 1331 2095 Ro-

338 2141 429 2179 mana
453 2121 535 2178 curia
561 2121 672 2178 dicitur
696 2139 883 2179 consecrare.
910 2125 945 2178 Et
970 2136 1065 2179 totum
1083 2122 1200 2179 ridetur
1216 2141 1331 2182 sonare

337 2209 368 2266 in
392 2208 554 2266 avariciam
579 2211 624 2265 vel
654 2208 860 2266 extollenciam
887 2211 1070 2271 secularem:
1108 2224 1137 2267 et
1174 2209 1217 2266 sic
1256 2229 1329 2268 cum

337 2296 528 2371 culpabiliter
551 2296 611 2353 sint
635 2295 800 2353 introducti
817 2311 846 2354 et
863 2297 1043 2371 culpabilius
1060 2297 1239 2366 conversati,
1264 2317 1377 2357 nonno

339 2384 449 2441 mirum
474 2386 525 2440 sed
551 2398 675 2458 propter
698 2384 907 2457 duplicitatem
932 2384 1021 2441 istam
1046 2384 1105 2440 sint
1128 2384 1181 2440 filii
1199 2383 1333 2443 iehenne

338 2473 504 2528 secuudum
529 2471 680 2544 duplicem
706 2470 868 2528 racionem.

133 2553 316 2649 Νὲἲξξζιῑιᾞοῇῐθ
382 2562 537 2627 Notemus‚
563 2577 646 2632 rogo,
668 2577 744 2632 quos
768 2578 845 2633 papa
863 2573 1018 2615 consecrat
1036 2558 1204 2616 cardinales
1227 2572 1257 2615 et
1282 2558 1332 2617 in-

134 2638 309 2719 cardinatsana
338 2646 492 2703 veniemus
525 2648 606 2720 quod
638 2645 760 2718 sanguis
788 2647 939 2702 humanus
963 2648 1020 2703 hoc
1044 2648 1150 2704 edocet
1173 2646 1218 2703 vel
1242 2650 1331 2722 quod

170 2711 274 2763 [ΜΨ
339 2753 392 2808 per
406 2734 574 2790 secularem
592 2732 763 2806 potenciam
782 2732 898 2807 possint
915 2733 1046 2808 amplius
1066 2731 1071 2810 Ι
1094 2734 1240 2790 mundum
1266 2746 1332 2791 tra·
1360 2746 1426 2809 409·

340 2822 410 2877 here
443 2821 482 2876 ad
514 2833 631 2894 partem
665 2838 762 2890 suam,
794 2835 823 2876 et
857 2820 925 2877 hinc
957 2840 1018 2877 nou
1043 2821 1249 2895 predicatores
1274 2823 1332 2879 sed

339 2921 523 2982 pugnatores
560 2907 677 2963 validos
720 2906 802 2981 eligit
840 2907 1023 2969 cardinales:
1071 2927 1131 2965 non
1176 2926 1332 2984 pauperes

339 2997 529 3069 presbyteros
561 2994 714 3051 Christum
747 2994 777 3050 in
803 2995 936 3052 moribus
960 2995 1113 3053 imitantes
1138 2994 1334 3055 constituunt

339 3083 498 3156 episcopos
522 3084 575 3139 sed
600 3082 677 3139 filios
702 3095 913 3156 magnatorum
938 3096 990 3139 aut
1007 3083 1132 3140 clericos
1151 3101 1257 3157 regum
1275 3084 1332 3159 qui

340 3170 421 3243 ipsos
445 3184 571 3243 possunt
595 3172 714 3227 trahere
731 3173 769 3225 ad
786 3189 871 3226 suam
888 3170 1059 3244 nequiciam
1078 3171 1332 3245 perpetrandam.
1346 3178 1383 3231 30

384 3260 418 3313 Et
443 3258 548 3313 eodem
575 3260 666 3314 modo
692 3256 804 3314 faciunt
838 3257 979 3314 monachi
1003 3271 1032 3314 et
1056 3256 1194 3314 canonici
1218 3257 1333 3316 iratres

339 3364 418 3416 suos,
452 3358 485 3402 ut
518 3344 714 3419 sophisticent
748 3347 828 3419 quod
865 3346 1039 3401 fundatores
1063 3345 1108 3401 sui
1133 3358 1177 3401 tot
1201 3358 1228 3400 et
1251 3347 1333 3403 tales

340 3434 470 3489 habeant
493 3446 639 3489 oratores.
664 3435 784 3489 Fratres
808 3446 908 3489 autem
935 3434 1073 3489 laborant
1090 3431 1176 3489 anxie
1193 3444 1254 3488 tam
1274 3452 1334 3506 per

339 3533 450 3576 terram
485 3539 575 3594 quain
606 3539 659 3594 por
683 3539 792 3595 aquam
819 3533 850 3575 ut
874 3520 1024 3576 seculares
1054 3518 1190 3576 homines
1214 3518 1334 3578 faciant

339 3626 403 3663 esse
427 3608 534 3663 iratres
558 3621 586 3663 et
610 3608 652 3664 sic
676 3620 849 3682 pervertunt
869 3626 920 3663 cos
936 3627 953 3664 a
971 3607 1098 3681 simplici
1116 3620 1197 3663 secta
1214 3607 1331 3665 Christi
1346 3616 1383 3667 35

340 3696 377 3749 ad
401 3709 512 3751 sectam
535 3695 671 3751 frivolam
690 3694 880 3763 Antichristi;
905 3708 932 3751 et
957 3695 999 3750 sic
1023 3694 1178 3751 variantur
1202 3693 1331 3767 quidem

339 3782 506 3839 stultilicati
532 3785 569 3838 ab
595 3802 653 3838 unu
677 3797 759 3838 secta
783 3784 820 3838 ad
855 3781 956 3851 aliam,
991 3795 1139 3839 ctomncs
1167 3783 1220 3837 hee
1245 3798 1333 3841 secte

340 3869 369 3924 in
395 3869 573 3926 inlidclitate
599 3870 654 3925 ista
679 3870 828 3940 laborant,
865 3871 946 3943 quod
971 3884 1052 3927 secta
1077 3889 1130 3926 sua
1155 3868 1193 3923 sit
1218 3868 1333 3927 melior

340 3969 422 4013 secta
447 3956 558 4012 Christi
594 3971 622 4012 et
656 3970 777 4030 propter
810 3955 957 4012 novitates
989 3971 1109 4030 putatas
1138 3956 1334 4016 contendunt

341 4044 423 4117 quod
447 4063 508 4100 una
531 4058 612 4100 secta
636 4043 674 4099 sit
693 4044 798 4100 melior
823 4063 913 4118 quam
939 4043 1007 4109 alia,
1034 4058 1062 4101 ct
1087 4047 1115 4099 in
1133 4042 1274 4117 superbia
1295 4065 1388 4117 ac4o

393 4293 408 4323 1.
425 4282 459 4323 h:
473 4292 515 4322 ner
530 4280 700 4332 iustificabitur
714 4282 785 4323 deest.
861 4280 880 4323 3.
898 4282 913 4321 lh
923 4296 927 4321 τ
936 4281 1028 4334 fiebant
1042 4283 1073 4324 dn
1091 4280 1180 4333 losilt'i.
1246 4280 1269 4322 o.
1287 4283 1325 4326 A:

342 4334 515 4375 ‹iarn-tidem.
576 4334 783 4387 5.A:qniier·nt.
844 4336 910 4384 ipah
928 4333 949 4374 in
967 4293 1196 4379 iti;ii·e.:.iirlmnm·s.
1253 4333 1286 4374 ni.
1305 4334 1334 4379 B.

356 4398 386 4426 nt
399 4389 541 4439 peruenirent.
623 4397 656 4425 ao.
673 4386 872 4439 lacrimabiliter.
958 4387 986 4427 “2.
1007 4390 1039 4427 A:
1056 4398 1116 4439 rogo
1138 4397 1186 4432 ros.
1207 4383 1238 4425 B:
1255 4384 1335 4431 deest.

340 4398 375 4480 io.
391 4442 423 4480 h:
439 4440 539 4479 trehet-e.
608 4436 677 4485 liti-1.
693 4451 748 4494 siaa.
763 4438 799 4487 45.
866 4441 900 4480 A:
916 4440 979 4491 quiid
992 4445 1055 4480 secta
1065 4462 1090 4469 -
1101 4438 1208 4479 laborant
1222 4436 1299 4481 deest.
