3098 5130
580 504 670 553 oens
689 503 941 554 nvuuosmcnn
963 503 1026 552 tin.
1045 502 1086 552 tn.
1120 484 1201 567 [civ.
1220 497 1335 542 nxxiv.

340 663 463 718 hominis
495 664 539 718 sit.
578 665 719 739 Quodque
749 664 897 739 sequitur:
935 665 1048 719 Statuet
1080 681 1148 719 oues
1170 662 1288 737 quidem
1313 681 1334 718 a

340 750 471 806 dexteris
490 751 560 819 suis,
584 751 673 808 hedos
692 763 788 807 autem
809 771 826 807 o
843 751 979 823 sinistris,
1003 751 1087 806 iuxta
1104 750 1179 805 illud
1195 749 1336 827 intellige

338 837 417 912 quod
454 837 525 892 olibi
551 839 640 914 Iegis:
681 839 742 894 Cor
772 839 910 912 sepientis
941 838 969 893 iu
993 839 1101 893 dextro
1132 837 1193 893 eius
1224 847 1254 892 et
1277 854 1337 892 cor·

340 923 423 978 stulti
444 923 472 978 in
495 925 613 980 sinistra
631 926 717 984 illius.
742 925 783 980 Et
802 942 894 1000 supra
918 925 945 981 iu
962 926 1016 981 hoc
1040 926 1140 980 eodem
1157 923 1336 1001 euangelio.-

341 1010 459 1066 Nesciat
495 1011 614 1068 sinistro
646 1024 695 1068 tua
728 1012 799 1088 quid
822 1012 920 1088 sociat
949 1013 1073 1068 dextera
1097 1022 1155 1066 tuo.
1199 1009 1277 1066 Oves
1301 1011 1362 1066 in5

337 1108 426 1172 porte
457 1098 600 1155 iustorum
623 1109 704 1155 stare
727 1100 861 1155 iubentur
883 1100 923 1154 od
947 1099 1110 1156 dexteram.
1152 1096 1240 1169 Hedi,
1275 1098 1335 1155 hoc

340 1196 391 1251 est,
422 1196 593 1260 peccatores
631 1188 670 1241 ad
702 1186 862 1256 sinistram,
901 1186 950 1261 qui
979 1203 1094 1261 semper
1121 1203 1180 1260 pro
1205 1196 1334 1260 peccato

341 1272 504 1346 offerantur
526 1272 554 1327 in
579 1273 654 1350 Iege.
679 1273 740 1329 Nec
764 1274 858 1329 dixit:
885 1274 1000 1349 Copros
1015 1290 1069 1347 que
1081 1282 1204 1347 possunt
1220 1272 1336 1329 hebere

341 1360 425 1433 setus
457 1369 484 1414 et
516 1369 596 1415 tonse
623 1360 818 1436 egrediuntur
847 1361 882 1416 de
910 1361 1040 1436 loirocro,
1072 1376 1171 1415 omnes
1192 1359 1334 1435 gemellis

343 1445 456 1517 fetibus
491 1457 517 1501 et
555 1447 664 1502 sterilis
695 1447 775 1501 nullo
808 1448 884 1502 inter
907 1466 966 1516 eos,
1011 1448 1064 1503 sed
1092 1448 1162 1502 edos
1185 1446 1330 1502 lascivum
1349 1466 1382 1498 ιο

340 1532 451 1587 auinmi
473 1543 499 1587 ct
518 1533 665 1608 petulcum
696 1545 722 1589 et
740 1535 868 1609 feruens
898 1552 1014 1609 semper
1041 1535 1080 1589 od
1108 1534 1224 1591 coitum.
1264 1533 1333 1588 Hec

342 1621 531 1691 JeronymuS.

144 1715 187 1759 We
203 1716 259 1758 neos
275 1723 315 1758 not
385 1705 511 1761 Videtur
528 1706 618 1762 istum
636 1720 774 1763 sanctum
801 1726 833 1763 ex
859 1721 940 1763 textu
958 1707 1065 1764 elicere
1090 1708 1172 1781 quod
1188 1703 1332 1763 Christus

131 1779 289 1863 υωζῇῗξξᾞε
303 1826 326 1862 to
344 1790 390 1848 hic
429 1792 562 1866 loquitur
595 1796 631 1849 de
664 1793 747 1850 finali
771 1793 884 1851 iudicio
917 1809 944 1850 et
969 1797 1051 1869 quod
1075 1793 1232 1868 paululum
1256 1807 1330 1850 ante

138 1875 319 1968 circuiisiances
345 1878 515 1952 passionem
540 1879 678 1937 Christus
712 1882 815 1937 docuit
848 1883 1003 1955 apostolos
1037 1881 1093 1938 ista
1126 1882 1232 1951 verba3
1272 1886 1378 1938 neci}

164 1978 298 2037 ornetis-t
344 1965 461 2022 videtur
490 1985 666 2041 repugnare,
702 1987 770 2024 cum
795 1968 933 2025 Christus
971 1982 1059 2025 vocat
1091 1967 1140 2025 hic
1171 1987 1202 2025 se
1227 1967 1328 2042 ipsum

164 2029 292 2084 Judgment.
344 2052 439 2109 filium
464 2053 605 2126 hominis,
636 2057 717 2129 quod
742 2055 875 2130 loquitur
899 2059 935 2112 de
959 2055 1071 2113 iudicio
1095 2055 1258 2129 corporali,
1283 2055 1329 2129 ip·

342 2159 408 2196 sum
447 2153 548 2197 tamen
587 2141 730 2199 iudicium
769 2143 940 2200 necessario
979 2141 1141 2199 comitatur
1179 2141 1327 2198 iudicium

342 2226 512 2301 spirituale3
536 2246 591 2286 nec
616 2228 733 2286 videtur
758 2229 862 2286 efficax
888 2229 1026 2286 fidelibus
1049 2227 1194 2286 solicitari
1212 2228 1242 2285 in
1266 2248 1329 2303 quo

344 2315 412 2371 loco
429 2313 485 2371 erit
502 2314 576 2371 illud
594 2315 751 2382 iudicium,
776 2335 878 2374 versus
896 2336 986 2392 quam
1005 2315 1211 2373 differenciam
1236 2315 1329 2372 facies
1342 2334 1378 2368 20

344 2400 460 2457 domini
493 2394 634 2479 erigeiur,
667 2404 712 2459 vel
741 2406 896 2478 quomodo
929 2422 1060 2478 corpora
1093 2416 1213 2460 mortua
1242 2416 1329 2459 motu

344 2502 406 2544 tam
440 2488 529 2545 celeri
554 2503 641 2546 erunt
670 2493 707 2546 ad
733 2489 821 2546 finale
850 2491 995 2548 iudicium
1021 2504 1211 2564 congregata.
1247 2492 1329 2546 Deus

343 2574 422 2631 enim
449 2575 539 2632 saciat
563 2575 642 2632 istud
667 2578 843 2650 angelorum
871 2577 1050 2648 ministerio,
1075 2591 1107 2633 ut
1131 2576 1273 2651 placebit.

387 2661 531 2736 Sequitur
555 2662 585 2718 in
610 2676 706 2721 textu:
736 2665 815 2721 Tnnc
839 2666 914 2722 dicet
937 2683 994 2720 ren·
1015 2665 1077 2720 istis
1100 2664 1149 2739 qui
1170 2684 1187 2720 o
1212 2663 1330 2720 dextris

342 2749 402 2804 eius
425 2761 526 2805 erunt:
562 2750 657 2806 Venite
680 2752 820 2807 beriedicti
849 2753 946 2827 patris
970 2752 1034 2823 mei,
1060 2751 1207 2827 possidete
1234 2756 1374 2827 pora-25

343 2848 402 2891 tum
436 2837 515 2892 uobis
547 2854 671 2914 regnum
700 2857 717 2892 α
741 2840 946 2895 constitucione
971 2839 1078 2894 rntcndi.
1109 2838 1232 2894 Esuriui
1253 2837 1328 2893 enim

342 2934 369 2978 et
407 2923 525 2979 dedistis
558 2924 646 2980 michi
682 2925 875 2980 manducare:
911 2926 990 2981 sitiri
1026 2937 1051 2980 et
1090 2925 1209 2981 dedistis
1241 2925 1330 2980 michi

342 3010 455 3066 bibere:
478 3011 582 3085 hospes
605 3029 685 3066 erum
710 3023 737 3067 et
758 3012 917 3089 collegistis
940 3031 1001 3068 me:
1023 3013 1117 3068 nudus
1140 3023 1167 3068 et
1190 3030 1328 3087 cooperu-

342 3096 404 3152 istis
430 3114 484 3165 me,
509 3096 642 3172 infirmus
666 3109 693 3154 et
715 3099 851 3155 visitastis
874 3118 933 3156 me:
961 3100 989 3155 iu
1013 3117 1133 3156 carcere
1156 3110 1183 3155 et
1212 3098 1329 3154 venistis

342 3183 382 3237 od
397 3201 451 3238 me.
472 3184 547 3239 Tunc
564 3186 775 3259 respondebunt
792 3186 819 3241 ei
833 3186 900 3242 iusti
915 3187 1055 3243 dicentes:
1072 3185 1198 3243 Domine
1212 3186 1328 3261 quondo
1340 3192 1374 3243 30

342 3281 370 3325 te
393 3270 517 3326 uidimus
533 3272 703 3328 esurientem
721 3284 747 3327 et
767 3273 903 3347 ponimus·
922 3285 964 3330 te:
987 3273 1131 3330 sicientem
1154 3283 1180 3328 et
1197 3272 1330 3328 dedimus

343 3357 395 3412 tibi
413 3357 539 3433 potum?
566 3358 690 3425 Quortdo
713 3370 807 3415 autem
831 3361 955 3416 vidimus
978 3373 1005 3416 te
1028 3360 1168 3435 hospitem
1192 3370 1219 3416 et
1242 3359 1329 3415 colie-

342 3444 441 3521 gimus
479 3444 528 3500 te?
562 3457 612 3501 ortt
643 3447 752 3501 rritdum
780 3457 807 3502 et
830 3448 1032 3522 cooperuimus
1055 3448 1105 3503 te?
1141 3458 1190 3502 out
1214 3447 1328 3521 quondo

344 3531 468 3588 uidimus
500 3543 527 3587 te
559 3532 706 3608 infirmum
739 3545 789 3589 out
817 3534 845 3589 in
868 3552 988 3590 carcere
1011 3545 1037 3590 et
1063 3535 1190 3590 verrimus
1217 3534 1257 3589 nd
1279 3533 1329 3589 te?

342 3617 383 3672 Et
407 3619 583 3694 respondens
622 3621 695 3676 dicet
727 3621 801 3677 illis:
833 3608 923 3677 Amen
956 3622 1020 3678 dico
1045 3622 1139 3678 vobis:
1181 3620 1372 3689 Quamdiu35

343 3705 462 3780 fecistis
485 3706 535 3761 uni
549 3724 588 3762 ex
603 3707 658 3764 itiis
673 3709 828 3783 fratribus
852 3710 923 3765 meis
939 3709 1074 3778 rrzirzimis,
1098 3708 1186 3764 michi
1201 3708 1326 3782 fecistis.

388 3794 485 3867 Super
509 3812 569 3868 quo
592 3795 787 3869 Jeronymus:
822 3797 887 3852 Hoc
919 3797 1002 3852 iuxta
1032 3796 1242 3871 prescieuciam
1271 3793 1330 3850 Dei

343 3880 541 3956 accipiendum
567 3883 647 3956 apud
668 3901 752 3958 quem
770 3883 882 3956 sutura
906 3883 963 3938 iam
979 3885 1066 3958 sacta
1090 3894 1166 3939 sunt.

398 4145 427 4176 to.
445 4134 473 4176 B:
491 4147 537 4176 riou
553 4135 723 4177 cstiutcrcns.
805 4136 1045 4189 11.A:pecuiettttcttt
1129 4133 1158 4177 13.
1175 4136 1194 4176 Α
1210 4135 1232 4177 in
1251 4147 1328 4189 marg:

343 4185 470 4229 totmnnes.
538 4185 570 4229 25.
587 4186 615 4228 B:
631 4189 684 4229 ur'ts.
762 4187 794 4241 37.
812 4189 831 4230 Α
849 4189 870 4229 in
887 4199 974 4241 interp:
989 4188 1136 4240 Jcronymus.

397 4295 419 4344 3
449 4294 547 4342 Eccles.
577 4295 607 4353 X,
637 4310 659 4342 2.
768 4296 790 4342 ἓ.
817 4298 900 4358 Supra
925 4295 968 4341 Vt.
994 4298 1015 4346 i.
1120 4296 1144 4341 8,
1169 4296 1253 4344 Exod.
1276 4295 1329 4342 ΧΙΙ.

343 4382 367 4428 «J.
388 4364 462 4411 Cant.
484 4363 525 4414 tv.
634 4378 675 4426 24.
695 4363 784 4415 Manli.
804 4365 882 4426 XXV,
904 4365 1012 4417 33—35.
1117 4368 1158 4428 37.
1179 4365 1283 4413 Comm.
1303 4365 1328 4411 in

344 4431 434 4480 stanti.
454 4432 469 4479 1.
491 4448 504 4480 c
532 4448 591 4497 pag.
613 4447 758 4500 uoq-210.
