3098 5130
677 405 768 455 ortis
787 405 1040 456 uvnuoemcun
1062 405 1124 455 trin.
1144 405 1185 455 tu.
1304 387 1392 469 [cue.
1408 400 1428 444 ι.

429 577 527 621 turum
552 566 749 623 desiderantes
785 566 897 623 Christi
926 567 1081 622 aduentum
1113 583 1195 641 queem
1216 564 1427 640 predicabant,

428 653 480 708 sed
499 664 624 729 propter
647 653 701 710 lroc
729 654 822 710 solum
848 664 878 708 ut
897 654 1101 729 predicatores
1123 665 1150 709 et
1169 652 1329 709 traditores
1345 652 1425 729 legis

429 757 490 795 esse
521 741 557 795 alr
590 741 751 797 hominibus
784 741 962 799 uiderentur.
987 741 1090 797 Simile
1108 740 1290 817 propositum
1315 739 1424 796 liabent

429 845 527 883 omnes
559 827 608 903 qui
638 828 775 884 iustitiam
800 827 859 886 I)ei
891 829 992 885 docent
1016 839 1043 883 et
1075 846 1130 883 mm
1152 827 1287 902 fucinum
1311 839 1340 883 et
1362 846 1423 884 nou

429 913 543 982 habeut,
581 915 646 989 quia
676 934 731 971 non
764 916 865 972 docent
893 934 961 972 vere
991 915 1083 991 ipsam
1111 913 1252 970 iusticiam
1278 914 1335 970 Dei
1363 914 1449 971 noni

428 1013 558 1057 amantes
581 1021 665 1076 qnam
692 1003 809 1071 docent,·
830 1003 882 1059 sed
901 1014 1027 1078 propter
1047 1003 1100 1058 lroc
1121 1001 1215 1057 solnm
1240 1011 1271 1056 ut
1285 1001 1424 1059 doctores

428 1105 489 1143 esse
512 1088 623 1146 iusticie
647 1090 705 1145 Dei
727 1090 762 1145 ab
786 1090 949 1145 hominibus
974 1089 1137 1144 rideantur.

472 1175 621 1251 Numquid
636 1177 758 1233 audistis
779 1177 903 1251 aliquem
928 1177 964 1231 de
983 1176 1202 1232 cousumac.'one
1218 1173 1319 1230 mundi
1340 1176 1422 1233 etde

431 1262 539 1336 futuro
566 1264 679 1319 Christi
701 1264 806 1319 indicio
838 1265 990 1341 eleganter
1020 1264 1183 1319 tradentem
1216 1261 1421 1336 scripturam?

428 1361 455 1405 et
478 1350 504 1405 si
525 1351 690 1407 consideres
714 1352 800 1406 tritam
825 1351 895 1420 eius,
917 1350 1063 1427 intelliges
1085 1351 1151 1425 quia
1173 1349 1246 1405 sicut
1266 1349 1344 1403 latro
1360 1367 1418 1406 non
1434 1365 1468 1398 ¹0

429 1436 576 1492 desiderat
604 1439 717 1513 sociem
751 1439 884 1513 aspicere
916 1437 1019 1493 iudicis
1053 1436 1174 1506 terreni,
1206 1436 1246 1491 sic
1278 1453 1330 1491 nec
1367 1436 1418 1494 ille

430 1523 580 1581 desiderat
607 1525 720 1581 Christi
742 1525 840 1580 uenire
862 1524 1009 1584 iudicium.
1034 1525 1096 1581 llec
1120 1522 1333 1580 Crisostomus

249 1615 347 1689 ,ts'trat
472 1611 600 1684 Oportet
633 1612 723 1669 istum
759 1624 895 1669 sanctum
926 1611 974 1668 hic
998 1625 1026 1667 et
1050 1609 1121 1668 alibi
1146 1629 1219 1666 saue
1243 1609 1413 1683 concipere.

237 1669 391 1765 Li.¹[.ii⁵{’si'ffi”
430 1696 497 1753 Fuit
521 1697 600 1753 enirn
625 1699 742 1755 subtilis
766 1697 881 1772 logicus
900 1713 928 1755 et
946 1699 1112 1773 profundus
1129 1697 1328 1772 philosophus
1344 1715 1416 1754 con·

244 1773 386 1816 U¹¹³‘'“⁸¹‘¹¹³·
430 1784 566 1840 formiter
590 1787 627 1841 ad
652 1785 844 1859 scripturam.
871 1786 956 1842 Unde
980 1785 1102 1858 quidam
1121 1784 1219 1858 ipsum
1240 1783 1416 1857 concipiunt
1432 1782 1464 1832 ¹5

428 1873 509 1945 quod
535 1871 635 1944 posuit
660 1872 840 1929 universalia
865 1891 898 1929 es
921 1886 1006 1946 parte
1031 1872 1084 1929 rei.
1109 1874 1153 1928 Ad
1178 1890 1268 1946 quem
1293 1889 1414 1927 sensum

429 1957 477 2014 hic
501 1958 574 2015 dicit
608 1961 688 2032 quod
714 1958 743 2016 in
768 1959 942 2015 homiuibus
966 1958 1096 2032 dignitas
1120 1958 1238 2016 diversa
1262 1971 1315 2028 est,
1349 1977 1417 2014 om·

428 2043 510 2100 nium
536 2060 637 2102 autem
663 2066 722 2103 una
746 2061 853 2103 natura
879 2060 933 2104 est.
959 2049 1027 2103 ideo
1043 2046 1166 2121 quidam
1192 2044 1289 2120 ipsum
1314 2045 1414 2103 conci·

427 2129 513 2206 piunt
546 2135 628 2206 quod
662 2153 721 2191 non
754 2136 852 2191 solum
887 2147 930 2191 est
964 2134 1063 2191 unitas
1101 2131 1314 2190 substancialis
1352 2131 1415 2188 sire

426 2219 578 2293 specifica,
602 2223 653 2277 scd
678 2221 777 2277 unitas
801 2221 995 2278 accidentalis
1018 2222 1184 2278 secundum
1210 2218 1462 2276 rariacionemao

427 2306 584 2381 dignitatis
608 2328 698 2383 quam
725 2308 792 2384 quis
816 2307 942 2383 accipit:
967 2320 995 2365 et
1019 2308 1061 2365 sic
1085 2306 1155 2364 licet
1179 2309 1352 2364 sacerdotes
1370 2307 1413 2362 iu·

427 2393 504 2450 erint
537 2394 607 2451 mali
644 2395 673 2450 in
706 2413 808 2470 opere,
841 2409 911 2452 sunt
944 2409 1044 2452 tamen
1069 2408 1194 2468 propter
1218 2412 1411 2451 communem

428 2479 603 2554 dignitatem
629 2481 721 2538 oflicii
746 2482 925 2539 honorandi.
951 2484 1080 2556 Oportet
1097 2495 1198 2538 tamen
1221 2481 1251 2536 in
1277 2482 1333 2537 ltoc
1349 2499 1414 2537 esse

428 2570 538 2641 gradus
572 2569 690 2643 aliquos
722 2588 852 2644 quorum
885 2568 978 2644 aliqui
1012 2583 1080 2626 sunt
1104 2568 1285 2626 admittendi
1310 2567 1413 2624 etalii

210 2659 333 2755 apvtcltpd
346 2659 416 2754 utils-³¹
427 2653 609 2727 dimittendi,
643 2669 674 2711 ut
703 2655 851 2730 contingit
881 2656 1013 2731 aliquem
1042 2658 1235 2713 sacerdotum
1263 2673 1326 2712 esse
1349 2663 1460 2713 tamti

223 2719 404 2806 ‘iiiinmii‘e'tae
429 2741 585 2799 manifeste
620 2745 744 2814 malum,
778 2746 859 2818 quod
885 2764 946 2801 non
969 2743 1007 2800 sit
1031 2756 1156 2818 propter
1178 2757 1290 2800 statum
1316 2760 1413 2799 sacer-

428 2827 507 2886 docii
533 2831 739 2886 honorandus.
765 2833 826 2887 Nec
852 2845 950 2889 moret
975 2844 1080 2888 contra
1104 2833 1161 2887 hoc
1185 2829 1301 2887 dictum
1319 2829 1414 2901 (thy-

427 2916 552 2972 sostonti
576 2917 606 2972 in
632 2919 688 2974 hoc
712 2918 789 2984 loc0‚
814 2917 884 2992 quia
910 2919 972 2993 ipse
996 2917 1129 2992 loquitur
1154 2936 1222 2974 cum
1249 2918 1305 2973 hoc
1323 2934 1413 2973 esan·

426 3002 504 3073 aelio
529 3003 565 3058 dc
582 3006 738 3060 sacerdote
763 3005 853 3061 fidem
877 3005 1026 3079 scripture
1044 3005 1214 3078 evangelice
1238 3003 1414 3079 predicante

427 3102 455 3144 et
479 3089 617 3162 nequiter
641 3105 851 3153 conversante:
876 3106 904 3148 et
928 3091 1016 3166 pauci
1041 3105 1110 3148 sunt
1134 3094 1306 3149 sacerdotes
1324 3089 1460 3148 hodie3o

426 3175 456 3230 in
493 3177 549 3232 hoc
581 3195 663 3251 casu,
696 3178 765 3234 ideo
798 3186 841 3243 (ut
875 3179 1013 3236 concedit
1045 3180 1292 3252 Chrysostomus)
1328 3176 1412 3234 multi

426 3276 495 3318 sunt
519 3266 690 3321 sacerdotes
708 3264 736 3321 in
755 3265 878 3322 nomine
901 3281 929 3323 et
953 3266 1042 3340 pauci
1065 3268 1238 3322 sacerdotes
1261 3266 1291 3322 in
1316 3284 1356 3337 re,
1382 3277 1415 3320 ut

427 3351 582 3406 decretum
608 3353 644 3407 de
668 3351 734 3425 ipso
758 3351 878 3426 accipit.
904 3357 940 3410 Et
964 3353 1004 3409 ita
1029 3352 1148 3410 videtur
1172 3354 1251 3410 hunc
1274 3366 1411 3409 sanctum

427 3437 501 3493 velle
526 3455 634 3510 negare
658 3440 735 3496 hanc
760 3440 1027 3514 consequenciam:
1054 3441 1109 3496 lste
1134 3441 1223 3496 habet
1247 3458 1357 3497 nomen
1383 3439 1412 3494 in

427 3525 540 3598 populo
576 3527 657 3598 quod
682 3526 719 3582 sit
743 3528 884 3583 sacerdos
913 3542 940 3584 et
965 3527 1066 3584 literas
1091 3526 1307 3584 testimoniales
1331 3528 1457 3601 quodss

426 3612 462 3666 ab
487 3610 631 3685 episcopo
655 3613 752 3669 fuerat
780 3613 945 3683 ordinatus
978 3613 1069 3687 igitur
1102 3628 1146 3670 est
1169 3616 1321 3670 sacerdos.
1345 3614 1413 3668 Vita

426 3697 504 3753 enirn
529 3700 726 3757 sacerdotalis
743 3700 810 3775 plus
835 3700 1014 3758 testificatur
1035 3703 1072 3756 dc
1089 3701 1221 3757 hominis
1238 3699 1413 3758 sacerdocio

425 3803 516 3858 quam
543 3787 597 3842 hcc
621 3786 714 3857 signa.

478 4051 493 4082 t.
508 4041 542 4082 A:
559 4040 646 4082 Clrristi
659 4040 732 4082 twice.
765 4040 782 4085 5.
799 4043 890 4085 (lodda
905 4054 952 4084 non
967 4043 1032 4085 deest
1049 4043 1126 4086 belore
1139 4048 1251 4086 amantes.
1285 4043 1308 4087 6.
1322 4043 1412 4086 (lodda

422 4097 521 4145 propter
535 4092 608 4135 deest.
663 4091 690 4135 rs.
706 4097 737 4134 A:
754 4095 820 4136 istum
835 4096 912 4146 twiee;
928 4095 959 4137 it».
975 4097 996 4137 Α
1012 4095 1034 4136 in
1051 4107 1137 4148 muru:
1151 4095 1276 4138 lolutnucs.
1330 4108 1366 4141 ao.
1382 4098 1412 4137 lt:

425 4145 608 4200 euaugclr'prnte.
1346 4146 1351 4151 '

477 4254 517 4304 33.
543 4253 643 4303 Oecreti
665 4255 748 4317 prima
769 4271 836 4320 puers,
856 4258 915 4306 dist.
940 4258 994 4319 Xlr,
1026 4259 1089 4324 Cap.
1114 4260 1166 4308 ΧΗ.
1186 4260 1234 4310 sub
1258 4262 1411 4310 auctoritate

425 4327 540 4371 auctoris
559 4324 656 4389 Operis
676 4324 820 4388 lmpert'ccti
841 4327 865 4374 in
886 4326 976 4376 March.
996 4327 1069 4376 hom.
1088 4329 1179 4389 xtttt,
1199 4331 1263 4393 Cap.
1283 4331 1371 4380 XXlll.
