3098 5130
210 473 278 519 ese.
294 459 382 550 xxv]
509 479 554 532 ur
575 478 813 533 suricusrsro
834 479 897 531 its.
917 478 934 529 r.

210 642 340 699 volendo
364 641 551 700 contrarium
570 643 775 717 prevalebunt,
792 645 844 700 sed
865 644 947 718 quod
965 641 1029 716 ipse
1046 659 1079 699 ex
1095 641 1198 717 gracia

210 729 242 786 in
265 748 351 786 suam
377 729 603 804 proteccionem
627 729 809 788 Israeliticos
833 729 1039 805 congregavit,
1063 743 1092 786 et
1116 731 1199 805 quod

211 815 267 890 ipsi
310 820 477 875 secundum
517 836 659 892 magnam
703 830 821 892 partem
866 818 1021 892 peccando
1058 818 1200 875 volebant

212 905 405 962 contrarium.
432 909 469 961 Et
494 903 713 980 multiplicacio
737 904 817 961 illius
840 903 1009 962 volucionis
1033 906 1199 962 secundum

187 996 372 1049 inumerum
408 992 542 1067 quociens
573 991 692 1050 videtur
726 992 832 1067 pocius
865 1005 945 1050 stare
984 991 1015 1048 in
1054 991 1201 1050 creaturis

211 1078 449 1154 exprimentibus
474 1079 528 1136 Dei
552 1080 743 1137 solucionem
769 1098 860 1155 quam
886 1079 917 1135 in
940 1091 1011 1136 actu
1034 1077 1201 1136 intrinseco

212 1166 263 1241 qui
288 1185 349 1224 non
373 1166 484 1242 poterit
509 1166 666 1225 alternari.

577 1371 683 1437 CAP.
711 1370 837 1438 XXV.

257 1515 463 1574 crisostomus
479 1529 582 1574 autem
600 1515 739 1573 diffusius
751 1513 946 1590 prosequitur
962 1513 1054 1571 istum
1071 1526 1199 1571 textum:
1230 1529 1399 1586 chrysostom:

174 1623 203 1654 to
218 1604 360 1673 Quociens
380 1604 459 1660 volui
478 1622 666 1682 congregare
671 1603 755 1682 filios
777 1614 926 1660 museto:
952 1602 1101 1659 Percurre
1115 1601 1142 1658 si
1159 1601 1202 1658 uis
1235 1581 1397 1677 ffffnffdhssff}

212 1691 346 1747 ludicum
363 1692 481 1763 librum,
493 1691 627 1767 quociens
639 1701 834 1766 peccaverunt
845 1700 872 1745 et
888 1689 1012 1745 tradidit
1028 1689 1094 1746 illos
1110 1688 1201 1759 Deus,
1232 1684 1234 1688 ’
1285 1687 1337 1730 ¹¹²⁰·

213 1779 361 1835 etiterum
379 1779 536 1835 liberauit?
559 1777 708 1834 Gallinam
731 1777 850 1834 ecclesie
861 1777 946 1853 ponit
967 1776 1202 1844 similitudinem;

214 1866 287 1922 sicut
311 1866 385 1923 enim
406 1865 485 1942 pulli
506 1866 692 1944 gallinarum
713 1876 832 1941 pastum
860 1882 944 1921 suum
968 1874 1121 1939 querentes
1144 1882 1201 1939 per

215 1954 332 2010 diuersa
362 1965 511 2031 vagantur
539 1964 567 2009 et
589 1953 731 2009 maternis
754 1952 871 2008 vocibus
897 1962 1131 2030 congregantur,
1159 1950 1202 2007 sic

175 2040 316 2116 ripopuli
336 2040 395 2096 Dei
426 2041 574 2097 carnalem
608 2040 784 2115 uoluptatem
809 2050 835 2095 et
863 2039 1039 2095 mundialem
1068 2037 1202 2113 concupi-

214 2127 357 2183 scenciam
384 2139 533 2203 sequentes
551 2145 608 2202 per
631 2127 764 2183 diuersos
796 2137 946 2203 vagantur
973 2144 1103 2198 errores,
1130 2143 1203 2202 quos

215 2215 334 2271 ecclesia
359 2227 455 2272 muter
466 2234 523 2291 per
545 2215 715 2271 sacerdotes
731 2214 817 2271 modo
841 2213 1092 2289 increpacionibus
1114 2213 1201 2268 modo

215 2302 418 2358 blandimentis
430 2302 692 2378 quasiquibusdam
705 2300 820 2358 uocibus
830 2318 1018 2378 congregare
1026 2300 1201 2356 etallectare

139 2444 143 2450 .
208 2389 345 2463 festinat.
369 2389 410 2445 Et
425 2390 669 2465 quemadmodum
690 2388 804 2466 gallina
828 2387 936 2444 liabens
947 2388 1047 2463 pullos
1071 2387 1200 2442 vocando

174 2476 283 2533 zoillos
314 2496 369 2533 non
406 2489 501 2534 cessat
539 2488 569 2533 ut
599 2476 716 2533 assidua
756 2492 826 2531 uoce
860 2474 1052 2552 vagositatem
1083 2484 1201 2550 superet

213 2564 365 2639 pullorum
393 2583 523 2635 suorum,
552 2564 594 2620 sic
621 2575 649 2620 et
675 2562 844 2620 sacerdotes
872 2561 900 2618 in
924 2561 1057 2618 doctrina
1086 2579 1202 2618 cessare

217 2669 272 2707 non
296 2652 410 2726 debent,
433 2664 463 2707 ut
485 2651 582 2708 studio
606 2662 633 2707 et
661 2650 831 2707 assiduitate
854 2649 1056 2706 doctrinarum
1079 2667 1201 2706 suarum

216 2739 431 2817 negligenciam
449 2738 552 2814 populi
567 2738 696 2794 errantis
718 2737 878 2794 emendent.
902 2736 942 2792 Et
957 2737 1201 2811 quemadmodum

216 2825 330 2902 gallina
355 2845 410 2883 non
438 2826 532 2882 solum
560 2843 629 2882 suos
652 2825 789 2901 calefacit
815 2824 869 2881 sed
890 2824 981 2880 eciam
1010 2824 1203 2898 cuiuscunque

175 2916 205 2966 25
218 2912 343 2969 volatilis
356 2914 492 2969 exclusos
506 2931 523 2967 a
539 2931 570 2969 se
587 2912 685 2991 diligit
707 2912 791 2988 quasi
805 2929 881 2982 suos,
905 2911 946 2968 ita
970 2922 996 2967 et
1009 2911 1130 2968 ecclesia
1145 2929 1201 2968 non

214 3000 309 3055 solum
325 3019 394 3056 suos
408 3000 584 3056 christianos
605 3000 701 3056 studet
718 3017 824 3056 uocare
845 2998 898 3055 sed
919 2999 981 3056 siue
995 2999 1120 3076 gentiles
1141 2998 1203 3054 siue

214 3086 300 3142 ludei
313 3087 457 3162 suppositi
471 3087 516 3142 illi
530 3087 658 3162 suerint,
675 3105 773 3143 omnes
796 3085 896 3142 colore
908 3085 989 3162 fidei
1008 3104 1059 3142 sue
1076 3085 1202 3162 uiuficat

215 3185 242 3229 et
271 3174 298 3228 in
328 3174 471 3250 baptismo
498 3185 623 3252 generat
646 3185 673 3230 et
696 3175 724 3230 in
752 3191 887 3230 sermone
910 3173 1041 3230 nutriens
1068 3185 1201 3230 materna

216 3260 314 3338 diligit
338 3261 470 3318 caritate.
499 3261 536 3317 Ut
559 3274 655 3318 autem
680 3262 732 3318 ltec
747 3261 847 3316 eadem
864 3260 1000 3317 hereticis
1023 3272 1200 3337 coaptemus,

174 3348 375 3404 30Jerusalem
415 3350 461 3406 hie
492 3349 642 3426 intelligas
672 3366 791 3424 semper
819 3348 969 3404 ecclesiam
1001 3365 1056 3423 que
1093 3348 1202 3404 dicitur

215 3435 317 3490 ciuitas
337 3435 431 3511 pacis,
455 3436 536 3492 cuius
552 3436 752 3511 fundamenta
772 3435 870 3511 posita
888 3446 956 3492 sunt
977 3454 1067 3511 super
1089 3447 1202 3492 montes

214 3522 450 3596 scripturarum;
471 3523 545 3578 sicut
561 3542 635 3600 ergo
659 3522 703 3577 illi
719 3523 806 3578 Judei
826 3522 1009 3598 quisuerant
1031 3523 1200 3598 spirituales

215 3609 330 3684 egressi
334 3610 521 3665 crediderunt
532 3610 559 3665 in
570 3610 729 3680 Christum,
737 3610 881 3666 illiautem
893 3610 943 3686 qui
948 3610 1199 3666 erautlerusalem

214 3696 387 3771 corporales
418 3709 502 3752 erant
535 3708 683 3754 manentes
710 3698 738 3752 in
767 3698 918 3773 corporali
939 3697 1101 3767 ludaismo,
1129 3715 1200 3772 per-

174 3787 364 3858 lisequeutes
391 3784 562 3859 spirituales
583 3786 702 3857 iudeus,
729 3785 760 3839 id
782 3786 829 3855 ist,
857 3785 1006 3858 apostolos
1033 3795 1201 3858 ceterosque

214 3888 252 3925 ex
275 3871 494 3927 circumcisione
516 3872 675 3942 credentes,
699 3872 740 3927 sic
756 3882 783 3926 et
808 3872 843 3926 de
858 3872 912 3935 ista
936 3890 1011 3927 noua
1026 3871 1200 3940 Jerusalem,

215 3958 245 4012 id
271 3970 323 4028 est,
352 3958 483 4028 ecclesia,
507 3959 557 4034 qui
578 3959 745 4034 spirituales
768 3958 920 4014 christiani
934 3959 1071 4033 suerunt,
1096 3958 1200 4015 relicta

174 1516 184 1543 d

118 1521 171 1583 413

265 4125 283 4170 5.
299 4124 328 4168 B:
344 4136 464 4168 numerum
482 4135 557 4180 qum,-
579 4123 610 4167 ib.
629 4125 664 4167 A:
685 4124 769 4179 pocius
791 4125 895 4181 sequitur
916 4126 1007 4168 lacuna.
1088 4137 1111 4180 o.
1133 4128 1154 4169 Α
1176 4125 1199 4169 iu

214 4190 299 4239 usurg:
317 4177 489 4228 Crisoslomue‚·
510 4175 564 4219 Birt
581 4189 666 4230 murga
688 4186 736 4228 24,·
756 4178 785 4219 ul.
806 4191 868 4220 niun.
889 4179 982 4221 extinct.
1055 4189 1081 4221 tt.
1108 4176 1199 4220 coda:

213 4231 277 4273 siun
290 4230 442 4274 iniudtcium.
502 4231 671 4283 20.A:super.
712 4228 1022 4288 2.A:euosuiueresacit.
1064 4229 1199 4273 suenda:

213 4283 380 4377 rpcaqeddeest.
435 4281 470 4335 34.
482 4282 510 4324 B:
518 4284 588 4325 crant
597 4282 668 4324 deest.
722 4243 759 4334 ᾗ,
770 4279 801 4325 35.
814 4282 843 4325 B:
856 4283 1063 4338 persequebantur.
1119 4279 1153 4335 37.
1164 4283 1199 4325 A:

213 4346 221 4377 r
251 4347 275 4377 er
313 4348 333 4378 e.

270 4442 307 4475 ιο.
326 4426 377 4490 Op.
398 4426 462 4490 lurp.
482 4440 505 4490 p.
526 4425 628 4474 CXCV.
