3098 5130
5 489 23 546 4
412 484 502 535 orus
520 484 772 535 evnnoeucun
799 479 862 537 uo.
881 485 922 535 ru.
981 461 1063 550 [cur.
1078 476 1162 525 ant.

6 668 58 698 xum
78 656 98 698 te
113 656 140 700 οι
222 645 309 701 Unde
344 643 433 701 istam
468 644 596 701 heresim
631 663 693 701 non
727 644 809 702 novit
833 657 954 703 sanctus
983 646 1163 702 Edmundus

66 709 148 751 mund.
177 732 286 788 doctor
309 744 337 788 et
355 731 524 806 episcopus,
550 750 617 789 eum
636 733 673 789 de
689 731 755 806 ipso
779 731 905 789 ecclesia
929 731 971 789 ita
987 730 1057 808 legit
1080 734 1163 808 quod

8 707 47 752 ,Ε

178 837 246 875 cum
282 820 412 876 mundus
445 837 462 875 a
496 819 594 876 carnis
618 819 765 892 contagiis
799 818 829 876 in
853 819 993 877 extremis
1016 838 1109 894 agens
1129 834 1164 878 et

178 924 288 979 corpus
313 905 424 963 Christi
458 906 512 963 sibi
538 908 671 964 delatum
704 907 819 963 videret
843 921 871 964 et
895 920 1066 964 reverenter
1089 909 1162 966 ado·

179 1007 258 1049 raret
282 996 336 1051 hec
364 996 453 1051 verba
477 993 559 1051 omni
592 994 764 1052 attencione
795 997 929 1051 notanda
960 994 1036 1051 mira
1059 999 1190 1070 proto-5

178 1078 247 1136 lisse
271 1081 510 1156 compunccione
534 1095 637 1155 aperte
662 1095 861 1139 monstratur:
900 1083 941 1137 Tu
969 1101 999 1138 es
1028 1083 1056 1137 in
1079 1101 1163 1158 quem

177 1168 300 1240 credidi,
324 1187 405 1244 quern
418 1169 581 1246 predicavi,
607 1188 688 1244 qnern
714 1170 808 1241 docui,
833 1181 859 1226 et
876 1180 906 1224 tn
924 1170 1003 1226 testis
1027 1186 1056 1225 es
1077 1169 1166 1226 michi

178 1257 254 1329 quod
278 1256 367 1312 nichil
389 1257 472 1313 aliud
495 1257 552 1312 nisi
576 1267 604 1311 te
627 1257 754 1312 Domine
776 1257 804 1311 in
828 1267 908 1312 terro
933 1257 1052 1331 quesivi,
1091 1257 1164 1315 sicut

178 1354 208 1397 ιιι
231 1344 288 1399 scis
311 1345 388 1417 qnod
420 1345 509 1400 nichil
533 1345 597 1401 volo
622 1344 676 1399 nisi
702 1344 824 1419 quodvis
847 1344 907 1420 fiat
932 1344 1065 1401 voluntas
1103 1355 1163 1400 ιιια.

179 1429 236 1486 Ubi
275 1431 400 1504 planum
424 1430 543 1488 videtur
575 1430 714 1503 fidelibus
747 1433 828 1505 quod
862 1429 964 1505 dirigit
987 1430 1162 1488 oracionem
1181 1455 1210 1488 ro

178 1535 263 1573 suam
304 1519 342 1574 ad
377 1517 473 1592 ipsam
509 1517 638 1574 hostiam
672 1517 728 1574 sibi
753 1518 844 1574 latam
870 1531 898 1573 et
922 1519 1040 1575 orando
1065 1517 1162 1592 ipsam

178 1604 364 1661 adoracione
396 1605 510 1663 vicaria
533 1604 744 1680 principaliter
772 1603 874 1679 dirigit
897 1608 1021 1662 verbum
1049 1607 1086 1662 ad
1110 1607 1163 1662 do-

179 1690 294 1747 minum
319 1694 419 1749 Jesum
444 1690 610 1766 Christum,
643 1691 729 1750 cuius
753 1691 817 1766 ipse
847 1691 975 1748 credidit
1011 1711 1074 1749 esse
1098 1711 1164 1749 cor-

178 1796 234 1852 pus
260 1778 426 1853 figuraliter
450 1779 547 1854 ipsam
573 1779 703 1837 hostiam
729 1793 951 1836 consecratum.

544 2053 646 2118 CAP.
669 2053 802 2116 LXIII.
1181 2069 1210 2119 15

1 2191 156 2299 ζζῧῑνξΐὲξῃῑξθ
223 2198 368 2274 Sequitur
392 2197 422 2253 in
447 2211 527 2255 textu
545 2198 671 2256 Matthei
695 2199 772 2253 XXV
798 2215 877 2270 cap:
908 2198 986 2253 Tunc
1007 2197 1103 2253 simile
1125 2208 1167 2253 est

124 2275 142 2287 ‘⁴
181 2305 305 2365 regnum
330 2287 460 2342 celorum
501 2287 598 2342 decern
632 2285 796 2363 virginibus
820 2302 873 2359 qne
896 2285 1071 2360 accipientes
1094 2285 1167 2339 lani·

177 2376 271 2450 podes
301 2392 370 2429 siros
398 2373 534 2429 exierunt
567 2373 680 2429 obviarn
704 2390 810 2447 sponso
842 2383 868 2427 et
891 2389 1011 2447 sponse,·
1047 2372 1169 2447 quinque

183 2472 279 2517 alitent
304 2479 343 2517 ex
366 2461 406 2516 eis
429 2471 513 2517 erant
528 2462 617 2535 solite
640 2471 666 2516 et
689 2459 814 2534 quinque
834 2460 1003 2533 prudentes.

1 2559 118 2619 ¹lerome:
224 2551 321 2622 Super
337 2566 398 2621 quo
408 2549 600 2620 jeronymus:
619 2547 705 2602 Hanc
718 2546 892 2621 parabolam
910 2555 936 2601 et
951 2545 1167 2601 similitudinem
1180 2570 1212 2604 20

0 2610 151 2718 Ἒῆςξᾟζιῆ
182 2636 280 2691 decern
307 2635 454 2712 virginum
463 2636 624 2709 satirarum
649 2645 734 2708 atque
754 2633 947 2708 prudenciunr
965 2633 1081 2706 quidam
1098 2632 1167 2688 sint·

31 2726 93 2758 ‘¹¹⁰¹‘-
178 2722 296 2797 pliciler
330 2722 562 2797 interpretantur
594 2721 622 2776 in
659 2720 822 2798 virginibus
844 2738 967 2794 quarum
1001 2720 1053 2774 olii
1083 2719 1167 2774 iuxta

180 2810 351 2884 Apostolum
376 2819 402 2864 ei
427 2826 553 2883 corpore
573 2819 600 2864 et
623 2819 716 2864 mente
731 2818 797 2863 sunt
821 2807 951 2884 virgines
974 2818 1010 2875 et,
1034 2806 1087 2861 alii
1109 2806 1166 2861 vir-

179 2898 332 2974 giniiotern
357 2907 468 2951 rantum
494 2914 653 2972 corporum
679 2906 864 2951 reservantes
888 2895 934 2950 vel
956 2905 1052 2949 cetero
1076 2911 1167 2969 opero

182 3003 237 3039 non
261 2985 365 3040 hahent
385 2984 538 3059 proposito
566 3003 618 3039 suo
651 2982 759 3038 sirnilio
783 2983 829 3037 vel
853 2992 1010 3056 parentum
1035 2980 1210 3039 custodieri

183 3082 331 3128 reservate
354 3070 557 3126 nichilominus
580 3083 673 3126 mente
696 3081 866 3145 rrrrpserunt.
897 3070 956 3124 Sed
978 3068 1066 3123 michi
1088 3068 1164 3122 vicie·

183 3169 231 3213 tur
254 3175 293 3214 ex
315 3158 516 3233 superioribus
549 3158 625 3213 olins
649 3175 710 3212 esse
732 3175 833 3213 seusus
860 3157 909 3231 qni
932 3155 1039 3210 dicitur
1061 3165 1088 3210 et
1112 3173 1166 3209 non

183 3245 341 3321 virginalia
373 3262 501 3320 corpora
534 3246 586 3300 sed
617 3245 658 3299 ad
680 3262 764 3298 ornne
795 3243 945 3299 hominum
968 3260 1063 3318 genus
1093 3242 1168 3296 hanc

182 3331 433 3407 compararionenr
454 3332 611 3407 pertinere.
642 3331 722 3386 Sicut
745 3330 818 3385 enirn
844 3330 901 3385 duo
918 3329 945 3384 in
961 3347 1039 3406 agro
1062 3339 1089 3384 et
1113 3328 1168 3383 dne

183 3419 321 3475 molentes
338 3419 410 3474 duos
423 3420 549 3495 populos
564 3418 684 3495 signant
703 3416 937 3472 Christianorum
955 3426 981 3472 el
996 3416 1168 3484 Judeorurn,
1180 3426 1212 3475 ,ιο

183 3506 243 3562 sive
265 3517 432 3562 sanctornm
466 3517 491 3562 el
517 3516 705 3581 peccatorum
736 3504 787 3579 qui
808 3504 836 3558 in
870 3503 990 3559 ecclesio
1022 3502 1170 3559 constituti

184 3592 328 3661 videnlur,
350 3593 377 3650 si
398 3593 512 3668 quidem
537 3602 564 3648 et
586 3592 643 3666 ipsi
661 3609 751 3646 orare
773 3601 800 3646 et
824 3591 934 3646 inolere
956 3591 1008 3646 sed
1024 3602 1124 3645 cuncto
1142 3589 1169 3643 in

177 3681 318 3758 ypocrisi
333 3681 462 3754 faciunt,
485 3679 526 3735 sic
549 3690 576 3735 et
599 3697 673 3735 nunc
694 3679 791 3734 decem
817 3678 947 3754 virgines
963 3695 1061 3732 omnes
1077 3677 1168 3732 horni-

185 3786 233 3824 nes
266 3766 500 3843 complectuntur
532 3766 580 3841 qni
608 3766 744 3821 videniur
767 3765 831 3820 Deo
855 3765 976 3820 credere
999 3775 1025 3819 et
1048 3765 1169 3839 opplan-

185 3856 256 3910 dunt
292 3855 347 3911 sibi
382 3854 410 3909 in
442 3853 599 3929 scripturis
621 3853 730 3909 sanetis
761 3862 820 3908 tarn
850 3851 1060 3907 ecclesiasticos
1082 3868 1167 3925 quam
1181 3858 1211 3910 35

239 4158 254 4188 1.
270 4147 290 4188 Α
302 4145 325 4188 in
334 4157 384 4187 mar
402 4158 419 4187 ,ι
431 4143 654 4187 Noloverhasonclr'
666 4143 788 4188 Edmundi.
803 4144 856 4187 lilia
869 4155 944 4187 mon:
951 4139 1169 4199 solllychardsol.

186 4197 447 4304 pqnpgl'rpp'lgeeeppt.
520 4196 743 4252 15.A:Cap.Llll.
798 4208 825 4239 20
849 4196 907 4239 Ain
924 4195 1169 4248 marg.:leronymns.

241 4356 280 4409 16.
299 4357 389 4408 Matth.
406 4358 486 4419 XXV,
508 4371 581 4408 1-2.
619 4371 658 4406 20.
678 4356 784 4406 Comm.
802 4358 828 4405 in
848 4355 938 4406 Matth.
956 4357 973 4406 l.
991 4372 1014 4406 c.
1033 4371 1091 4421 pag.
1112 4368 1170 4403 202.

187 4429 227 4480 23.
247 4429 264 4478 l.
284 4430 345 4480 Cor.
364 4429 419 4479 Vll.
