3098 5130
457 485 548 533 treus
566 484 817 533 livartoljtlctltt
839 483 902 532 lslll.
922 485 962 532 lll.
1008 468 1092 549 [Cdl’.
1109 481 1220 526 m'ln.

229 644 331 700 fideles
355 643 577 717 predestinatos
601 658 667 718 post
684 644 892 701 ascensionem
914 645 1016 701 dando
1039 645 1099 702 illis
1122 647 1221 703 caris·

229 743 311 788 mata
335 731 464 799 diversa,
497 731 575 788 sicut
610 745 692 806 patet
716 731 746 787 in
779 733 925 788 descensu
954 732 1057 789 Sancti
1081 733 1221 808 Spiritus

227 837 319 893 super
342 837 414 875 suos
436 818 612 893 discipulos.

271 909 399 963 Possunt
415 919 516 963 autem
541 920 646 964 notare
662 907 796 981 quinque
820 906 934 962 talenta
958 909 1136 1005 quintuplex
1160 911 1220 966 do·

8 999 60 1044 The
74 1000 117 1043 fite
132 1001 298 1050 'alestanum
323 993 428 1051 Sancti
444 993 575 1068 Spiritus
599 996 681 1068 quod
705 993 763 1050 illis
787 992 910 1067 copiose
934 993 1067 1051 disisit
1058 1014 1091 1051 tn
1115 997 1246 1056 eccle-5

14 1053 270 1167 ῃιῗῖόῖιᾝξξοιείιι
287 1080 450 1179 primitiva,
474 1081 589 1138 seilicet
604 1080 802 1156 sapienciam
827 1080 1023 1152 intellectum,
1047 1082 1216 1141 scienciam

45 1159 84 1201 “¹⁶
99 1157 180 1209 sprnr
225 1181 254 1225 et
277 1168 420 1243 pietatem
438 1188 506 1226 curn
524 1167 700 1226 fortitudine
715 1168 877 1243 operandi3
900 1188 955 1226 nec
979 1183 1023 1226 est
1046 1172 1163 1245 quod
1154 1186 1217 1228 ista

225 1256 361 1331 quinque
384 1257 430 1313 vel
453 1258 524 1326 duo,
563 1257 668 1312 decern
702 1269 755 1312 aut
778 1269 910 1331 quatuor
943 1258 1075 1314 habeant
1098 1259 1216 1332 qualis-

224 1362 344 1418 cunque
375 1343 493 1401 numeri
533 1342 699 1400 racionem.
739 1344 877 1400 Christus
909 1357 1011 1400 autem
1050 1363 1115 1401 esse
1147 1365 1214 1403 non

224 1431 323 1504 potuit
346 1444 489 1506 acceptor
506 1448 716 1505 personarunt,
740 1431 811 1506 quia
836 1443 908 1486 tunc
925 1432 1010 1487 daret
1035 1432 1215 1490 hominibus
1229 1458 1263 1491 ιο

223 1518 386 1592 dispariter
413 1520 513 1593 quoad
554 1517 709 1592 propriam
749 1516 927 1592 dignitatern
961 1520 1043 1593 quod
1075 1534 1120 1576 est
1145 1523 1214 1578 Deo

223 1605 419 1681 impossibile,
451 1625 520 1662 cum
545 1606 609 1680 ipse
634 1623 749 1679 ponens
781 1605 885 1662 omnia
908 1605 940 1662 in
964 1625 1116 1667 mensura.
1155 1627 1213 1665 nu·

223 1711 308 1750 mero
332 1707 361 1750 et
384 1695 518 1768 pondere
535 1694 586 1750 dat
603 1692 769 1767 unicuique
792 1693 958 1749 secundum
975 1694 1210 1752 ordinacionem

223 1798 309 1837 suam
334 1794 469 1838 eternam
506 1780 660 1855 propriam
694 1779 871 1854 dignitatem
905 1794 934 1836 et
959 1785 1124 1838 secundum
1150 1785 1211 1840 hoc

223 1886 344 1925 necesse
367 1881 411 1925 est
433 1882 465 1924 ut
490 1869 625 1925 conferat
649 1866 707 1922 illis
731 1867 880 1940 graciam
904 1885 960 1923 nec
984 1882 1082 1942 potest
1106 1869 1137 1925 in
1162 1889 1210 1927 se·
1226 1879 1257 1931 15

223 1957 323 2012 cundo
347 1958 475 2012 adventu
498 1956 541 2012 sie
558 1955 711 2012 racionem
729 1956 766 2010 de
788 1954 847 2010 illis
872 1955 1026 2029 requirere
1050 1956 1106 2012 nisi
1124 1957 1210 2030 prius

222 2042 265 2099 eis
289 2043 404 2100 dederit
427 2044 509 2099 dona
533 2061 597 2104 sua.
636 2043 672 2097 Et
695 2055 767 2099 nota
800 2043 882 2116 quod
906 2044 961 2098 hec
992 2046 1082 2100 rerba
1106 2045 1209 2101 Criso·

222 2128 312 2187 stomi
345 2132 383 2187 de
406 2129 585 2186 necessitate
615 2143 722 2186 nature
750 2148 810 2185 non
836 2145 1006 2204 repugnant
1033 2131 1208 2188 necessitati

221 2216 427 2274 ordinacionis
460 2217 572 2279 divine,
610 2219 662 2273 sed
696 2230 820 2290 possunt
854 2216 981 2291 intelligi
1013 2220 1050 2273 de
1083 2217 1208 2276 racione

222 2305 409 2362 necessitatis
432 2323 525 2378 quam
550 2318 670 2378 oportet
688 2303 842 2360 hominem
869 2307 980 2360 habere
1004 2305 1034 2361 in
1058 2319 1206 2379 quantum
1221 2330 1256 2364 ιο

223 2394 325 2450 homo,
349 2394 386 2448 Et
410 2406 526 2448 certum
551 2405 594 2447 est
618 2393 699 2465 quod
723 2391 765 2448 sic
795 2391 992 2466 intelligendo
1016 2395 1096 2448 Deus
1119 2393 1207 2450 liber·

222 2478 298 2535 rime
321 2479 474 2536 distribuit
491 2478 608 2535 homini
633 2479 690 2534 ista
714 2481 804 2547 dona,
829 2479 991 2553 unicuique
1007 2498 1078 2536 vero
1101 2498 1207 2536 secun—

221 2568 293 2622 dum
312 2567 466 2642 propriam
484 2566 637 2636 virtutem,
661 2566 732 2640 quia
756 2569 921 2622 secundum
944 2566 1099 2640 propriam
1116 2587 1206 2641 capa-

221 2653 343 2711 citatem
361 2654 445 2711 dedit
461 2652 635 2709 hominibus
651 2673 705 2709 sua
723 2653 885 2710 carismata
902 2668 1049 2728 quantum
1069 2655 1206 2711 homines

222 2742 342 2798 fuerant
365 2756 430 2797 tum
455 2759 591 2815 capaces.
617 2743 750 2796 Verbum
775 2755 874 2796 autem
900 2741 979 2796 istud
1003 2754 1031 2797 et
1050 2743 1250 2817 profectura}

219 2841 262 2885 est
285 2830 381 2884 statim
415 2842 514 2903 potest
547 2829 590 2885 sic
614 2827 739 2901 intelligi
773 2829 856 2884 salvo
889 2828 1002 2884 iudicio
1027 2829 1144 2885 rneliori
1169 2832 1205 2886 de

220 2916 396 2974 ascensione
419 2915 544 2992 Christi,
577 2935 644 2971 eum
669 2928 790 2988 ternpus
813 2935 900 2970 suum
930 2917 1096 2983 advenerit,
1134 2935 1202 2972 cum

219 3022 279 3060 non
304 3003 341 3058 sit
377 3002 518 3078 possibile
549 3003 648 3076 ipsum
673 3003 794 3058 tardare
825 3021 878 3075 per
902 3003 1018 3059 instans
1042 3005 1121 3060 ultra
1144 3002 1205 3059 exi·

34 3108 83 3154 ιιι.
100 3114 173 3155 renas
219 3090 358 3165 genciam
384 3089 525 3148 racionis.
549 3091 619 3145 ldeo
635 3108 696 3144 non
714 3089 850 3157 dubium,
875 3089 947 3163 quin
971 3090 1049 3145 sicut
1065 3090 1204 3146 Christus

9 3168 200 3260 'mmm'
219 3197 280 3235 non
314 3177 445 3234 tardavit
478 3177 508 3233 in
541 3179 598 3233 hoc
622 3177 724 3232 seculo
748 3178 826 3233 ultra
851 3196 941 3251 quarn
966 3177 1070 3233 debuit
1093 3196 1148 3234 nec
1172 3177 1202 3232 in
1215 3189 1249 3235 30

57 3271 157 3307 ‘lauet
220 3265 379 3324 velocitate
402 3281 545 3321 ascensus
568 3264 670 3320 debita
693 3265 869 3337 expectavit,
903 3265 945 3320 sic
968 3282 1025 3320 nec
1048 3264 1079 3321 in
1103 3264 1201 3320 distri·

39 3334 159 3361 ''mm''
220 3354 340 3411 linenda
364 3352 525 3409 carismata
560 3350 620 3407 suis
658 3350 823 3426 discipulis,
862 3370 930 3407 curn
956 3355 1035 3407 Deus
1060 3371 1092 3408 ex
1117 3365 1201 3426 parte

219 3440 262 3499 aui
288 3452 396 3499 cuncta
420 3437 490 3496 iecit
513 3440 552 3495 ad
576 3439 711 3511 regulam
736 3453 768 3495 ut
791 3458 941 3512 suppono.

262 3527 406 3603 sequitur
433 3527 462 3583 in
498 3540 579 3582 textu
603 3525 744 3582 blatthei:
783 3527 860 3582 Abiit
892 3538 987 3582 autern
1010 3528 1059 3601 qui
1080 3527 1203 3601 quinque

217 3616 325 3673 talenta
365 3625 514 3692 acceperat
546 3624 574 3669 et
597 3625 734 3689 operatus
765 3625 807 3670 est
830 3615 859 3668 ιἰι
891 3615 932 3668 eis
955 3625 982 3669 et
1005 3615 1137 3670 lucratus
1159 3623 1244 3675 est35

217 3702 275 3759 atla
299 3703 428 3780 quinque,

262 3794 357 3861 liupo·
381 3809 442 3863 quo
457 3792 649 3861 leronymus:
674 3787 804 3862 Acceptis
826 3788 952 3843 terrenis
974 3788 1105 3843 sensibus
1127 3789 1200 3844 cele-

217 3876 301 3931 stium
341 3877 395 3934 sibi
427 3876 561 3933 noticiam
601 3875 760 3952 duplicat-it
795 3892 834 3930 ex
865 3875 1009 3930 creaturis
1036 3875 1201 3954 intelligens

268 4181 302 4217 aar·
319 4169 351 4209 A:
368 4166 459 4211 aarum
474 4166 536 4221 qet'e.
604 4166 634 4210 31.
649 4168 683 4211 A:
698 4167 830 4210 salacitate,
907 4164 942 4216 37.
957 4169 977 4208 Α
992 4167 1014 4209 in
1031 4178 1117 4219 mara:
1132 4169 1199 4209 ,lero-

215 4230 303 4267 ιιγιιιιιι,

268 4354 308 4393 ab,
330 4343 418 4391 Mattlr.
437 4344 515 4404 XXV,
539 4359 566 4393 ta
653 4349 694 4406 34.
713 4345 803 4393 llanh.
821 4345 900 4404 XXV,
923 4345 960 4392 rii.
1034 4348 1073 4403 37·
1094 4348 1198 4396 Corum.

215 4428 238 4458 ru
259 4412 349 4461 Muttlr.
368 4414 384 4461 l.
405 4430 426 4459 ι’.
446 4430 503 4477 pag.
525 4409 585 4464 atili.
