3030 5130
127 477 165 546 34
576 484 666 533 oeus
685 484 937 533 evnuomtcuu
959 484 1021 533 ern.
1040 484 1080 532 tu.
1186 466 1271 549 [cnr.
1296 480 1341 525 rx.

343 648 440 703 orieris
462 647 522 702 cius
545 656 572 702 et
597 646 713 721 uirgam
739 645 854 699 humeri
876 645 936 700 eius
959 655 985 700 et
1008 657 1154 720 sceptrum
1179 643 1342 705 exactoris

125 729 403 829 clllssfstlfggfflffieitrs
434 732 590 809 superasti,
623 733 696 788 sicut
724 732 751 786 in
776 731 822 785 die
844 731 976 786 stadim.
1002 726 1105 789 Causa
1130 732 1209 789 enim
1235 751 1342 809 quare

165 836 288 894 treetrom
343 821 474 895 populus
506 819 686 876 christianus
719 831 835 875 tantum
876 817 907 873 in
946 816 1038 874 inicio
1077 819 1223 893 temporis
1258 820 1341 896 legis

152 899 305 932 ⁰⁹¹⁰¹¹¹⁰¹¹¹⁰⁵'
343 907 444 982 gracie
469 906 605 981 profecit,
631 906 685 962 fuit
707 906 787 979 quod
808 923 868 960 non
894 904 1125 979 opprimebatur
1148 924 1201 981 per
1225 906 1339 982 iugum

343 994 445 1051 oneris
477 994 551 1065 eius,
585 994 613 1049 id
648 1008 702 1063 est,
736 1011 789 1067 per
814 992 995 1048 cerimonias
1028 1008 1056 1050 et
1089 993 1201 1052 iudicia
1223 995 1368 1054 veteri55

344 1083 525 1151 testamenti,
550 1096 583 1138 ut
606 1093 689 1155 patet
713 1082 778 1136 Act.
803 1081 863 1135 XV.
899 1082 960 1136 Nec
986 1099 1043 1155 per
1071 1082 1188 1158 uirgam
1216 1083 1343 1140 humeri

344 1170 413 1241 eius,
447 1169 477 1226 id
501 1182 554 1239 est,
591 1186 644 1242 per
668 1167 851 1225 tradiciones
875 1166 1043 1224 scribarum
1069 1181 1097 1224 et
1120 1167 1339 1243 phariseorum

343 1257 554 1331 superadditas
589 1255 656 1329 legi,
690 1258 727 1312 de
760 1253 868 1329 quibus
892 1253 1017 1311 llatthei
1041 1257 1142 1312 Xlllll.
1176 1270 1205 1313 et
1231 1258 1339 1329 XXV„

344 1363 399 1402 nec
419 1363 477 1420 per
499 1355 644 1419 sceptrum
670 1342 819 1398 exactoris
843 1341 917 1411 eius,
948 1342 977 1397 id
1003 1355 1056 1414 est,
1081 1362 1134 1416 per
1158 1343 1338 1416 potenciam

345 1431 513 1489 coactivam
537 1433 701 1487 iudeorum
726 1428 896 1485 volencium
921 1427 1095 1503 opprimere
1119 1432 1277 1489 credentes
1302 1432 1338 1490 in
1355 1453 1388 1487 ro

345 1520 509 1576 Christum.
544 1520 590 1574 Ab
615 1517 679 1573 istis
703 1518 783 1573 enim
808 1515 927 1574 liberati
954 1529 1024 1573 sunt
1048 1516 1150 1574 fideles
1174 1536 1228 1592 per
1251 1536 1340 1577 exer-

345 1606 437 1663 citum
473 1608 678 1662 Romanorum
718 1603 857 1660 fidelibus
892 1604 1067 1661 ammonitis
1101 1622 1153 1678 per
1188 1606 1339 1679 angelum

345 1696 427 1767 quod
461 1693 623 1750 transirent
656 1694 693 1748 ab
728 1690 889 1749 obstinatis
923 1690 1023 1749 ludeis
1057 1692 1263 1749 subvertendis
1303 1694 1340 1751 in

346 1799 471 1855 regnum
502 1780 643 1854 Agrippe,
683 1780 760 1835 sicut
795 1777 920 1835 victoria
958 1778 1101 1836 Gedionis
1135 1780 1340 1854 prenunciata

346 1887 399 1944 per
423 1869 575 1942 angelum,
610 1881 640 1923 ut
672 1879 755 1941 patet
783 1866 922 1922 iudicum
947 1868 1008 1937 Vll,
1034 1881 1084 1928 22.
1356 1872 1388 1923 15

147 1969 199 2029 ¹Tm
214 1968 317 2030 Romane
394 1957 608 2012 Verumtamen
626 1954 717 2010 crevit
735 1967 893 2027 peccatum
919 1968 947 2009 et
971 1954 1121 2026 culpanda
1146 1954 1286 2012 vecordia
1303 1955 1341 2014 in

133 2019 331 2118 ⁵0¹¹ssssfflv¹l¹0¹llfl¹
347 2043 477 2100 exercitu
495 2041 668 2099 christiano.
693 2042 834 2098 Seculare
851 2040 972 2115 quidem
998 2041 1155 2097 brachium
1173 2040 1342 2100 infideliter

196 2122 265 2168 lm·
347 2129 429 2205 prius
447 2128 625 2203 deliquerat,
638 2142 671 2184 ut
687 2142 769 2202 patet
780 2131 816 2184 de
832 2128 1015 2201 imperatore
1030 2129 1168 2185 Romano
1185 2147 1254 2185 cum
1272 2129 1340 2187 suis

346 2214 536 2287 satellitibus,
549 2229 576 2272 et
594 2217 766 2272 sacerdotes
783 2217 979 2288 postmodum
997 2214 1117 2288 gravius
1130 2215 1339 2290 deliquerunt.

348 2306 416 2361 ldeo
449 2303 522 2361 dicit
554 2304 702 2377 propheta
737 2302 807 2377 quia
839 2303 931 2358 omnis
960 2303 1083 2359 violenta
1104 2303 1244 2378 predacio
1268 2322 1390 2361 cuman

346 2392 470 2447 tumultu
503 2402 530 2447 et
562 2390 760 2447 uestimentum
795 2390 918 2446 mixtam
951 2408 1015 2445 cum
1048 2391 1190 2468 sunguine
1220 2390 1278 2447 erit
1305 2392 1338 2448 in

345 2478 567 2536 combustionem
593 2488 620 2532 et
643 2478 735 2533 cibum
760 2479 846 2553 iguis.
882 2476 965 2533 Licet
989 2491 1089 2533 autem
1114 2477 1237 2551 quidam
1262 2496 1338 2553 gen·

346 2566 413 2623 tiles
437 2567 473 2621 de
498 2568 636 2622 Romano
661 2564 790 2621 exercitu
824 2565 994 2621 habuerunt
1023 2565 1226 2621 intencionem
1250 2564 1338 2639 piam

346 2656 384 2711 ad
408 2666 537 2709 mortem
555 2652 677 2709 Domini
701 2651 927 2724 vindicandum,
953 2666 1055 2709 tamen
1080 2650 1110 2707 in
1135 2651 1186 2708 tali
1204 2665 1232 2708 et
1248 2665 1338 2711 tanta

346 2739 499 2798 occisione
533 2740 630 2813 gentis
664 2739 788 2797 iudaice
823 2738 1032 2814 multipliciter
1065 2752 1265 2812 peccaverunt
1304 2739 1338 2797 in
1352 2742 1388 2794 25

347 2827 499 2901 spoliandi
524 2826 667 2901 cupidine
692 2840 720 2883 et
744 2827 914 2884 occidendo
930 2825 1222 2896 immisericorditer,
1246 2825 1339 2885 aliter

347 2934 439 2989 quam
472 2914 589 2971 occisus
622 2913 764 2970 dominus
797 2915 972 2988 imperavit;
1006 2927 1035 2971 et
1067 2932 1101 2970 ex
1131 2914 1182 2970 illo
1206 2928 1336 2988 peccato

348 3002 439 3059 crevit
463 3000 627 3058 infidelitas
651 3019 789 3058 cesarum
809 3006 1016 3059 Romanorum
1034 3004 1072 3058 ad
1090 3015 1236 3075 martyres
1253 3014 1338 3075 post·

348 3091 471 3145 modum
497 3089 707 3145 occidendum.

183 3187 280 3232 tutiore
391 3179 555 3250 Postquam
581 3196 653 3250 ergo
677 3176 781 3233 Ysaias
815 3179 1049 3251 prophetaverat
1074 3178 1111 3232 de
1137 3175 1257 3232 Christo
1281 3177 1336 3251 qui
1352 3177 1392 3229 30

131 3239 337 3337 {l‘flpgffloffisellf
348 3276 390 3320 est
424 3264 502 3319 basis
536 3263 623 3320 huius
657 3264 738 3320 verbi
763 3264 942 3341 prophetici,
977 3264 1124 3321 convertit
1148 3282 1179 3319 se
1203 3264 1240 3319 ad
1264 3282 1339 3337 pro·

184 3345 279 3401 priests.
347 3352 533 3425 phetandum
559 3352 596 3407 de
621 3364 745 3425 peccato
762 3351 908 3425 ypocrisis
925 3354 1117 3408 sacerdotum
1134 3349 1207 3424 legis
1223 3351 1338 3423 gracie.

348 3438 517 3513 Disperdet,
550 3438 657 3513 inquit,
692 3439 835 3494 Dominus
869 3441 904 3495 ab
929 3441 1023 3495 lsrael
1045 3441 1168 3495 ceredam
1198 3448 1225 3494 et
1247 3451 1340 3513 caput

131 3536 182 3614 Tpc
193 3536 251 3581 head
267 3537 287 3580 is
301 3536 339 3598 the
348 3536 376 3582 et
399 3526 598 3582 incurvantem
623 3537 649 3582 et
674 3527 882 3601 depravantem
907 3527 935 3581 in
959 3528 1005 3583 die
1028 3546 1092 3582 unu
1128 3523 1185 3581 Ubi
1217 3524 1341 3584 videtur

145 3590 320 3686 llffi'sslffl
350 3612 549 3687 probabiliter
582 3614 764 3687 prophetare
803 3617 839 3671 de
879 3614 1018 3690 nequicia
1059 3628 1086 3670 et
1126 3612 1390 3673 destruccione35

349 3704 540 3757 sacerdotum
575 3716 712 3775 tempore
745 3702 817 3774 legis
851 3703 960 3775 gracie,
995 3702 1035 3759 ita
1061 3703 1143 3777 quod
1168 3717 1221 3774 per
1243 3717 1341 3774 caput

349 3786 496 3862 intelligat
521 3790 689 3844 Romanum
716 3788 889 3862 pontificem
921 3803 948 3845 et
973 3810 1025 3862 per
1042 3791 1169 3847 caudam
1186 3787 1341 3862 intelligat

349 3888 461 3931 sectam
495 3875 621 3930 fratrum
655 3893 714 3949 que
753 3890 796 3930 est
833 3875 996 3932 novissima
1045 3894 1172 3951 sequens
1211 3892 1340 3949 papam.

349 3960 503 4036 Dispersio
546 3980 615 4017 vero
661 3975 759 4035 potest
793 3976 899 4019 notare
943 3963 1117 4020 divisionem
1154 3960 1340 4038 pontificum

401 4235 419 4277 5.
434 4236 467 4276 A:
483 4237 506 4276 et
519 4232 623 4275 iudaice.
682 4233 703 4274 8.
719 4232 748 4274 Β;
765 4231 840 4275 ,tutu
854 4237 876 4275 et
890 4232 936 4275 h'l'.
1002 4233 1032 4276 rs.
1049 4234 1076 4275 ll:
1092 4235 1115 4276 r'n
1130 4234 1289 4288 imperatore,·
1303 4235 1341 4281 ib.

349 4289 382 4329 A:
397 4286 447 4328 auis
462 4286 532 4328 deest.
602 4297 633 4338 to.
650 4284 733 4328 eodo:
749 4285 872 4328 satellibus.
941 4284 975 4328 io.
991 4288 1025 4329 A:
1041 4298 1100 4342 ergo
1116 4286 1185 4328 deest.

402 4426 442 4462 20.
463 4414 493 4462 ls.
513 4413 554 4473 lll,
575 4412 597 4461 5.
670 4414 710 4464 33.
730 4413 761 4460 ls.
781 4414 822 4474 tx,
846 4428 882 4467 tu.
