3098 5130
123 503 186 550 200
575 500 665 548 opus
684 498 936 548 rvruorrrcurr
963 496 1026 546 ΜΒ.
1045 496 1085 545 111.
1172 476 1328 560 [cmiv.

143 671 307 716 rimakesthe
384 660 558 716 Secundum
592 660 704 715 bonum
730 661 811 733 quod
842 677 874 716 ex
899 658 954 714 ista
980 656 1166 713 dissensione
1190 652 1329 729 provenit

129 723 323 830 mesffiflsskplm
340 759 384 802 est
407 745 486 802 istud
504 748 583 819 quod
611 745 712 803 fideles
736 747 816 803 clare
840 745 1025 803 confundere
1047 756 1175 818 possunt
1191 740 1330 816 argucias

144 830 294 936 srffiiticssin
339 832 526 889 Antichristi.
566 833 696 907 Capiunt
735 833 815 890 enim
852 831 1076 889 multitudinem
1111 828 1231 887 testium
1265 827 1331 884 sine

298 914 302 923 '
340 920 462 977 racione
495 920 540 975 vel
563 921 714 994 scriptura
746 923 828 996 quod
852 920 921 977 talis
946 933 998 975 aut
1022 917 1090 976 talis
1114 917 1241 991 simplex
1265 934 1332 990 per-

339 1026 413 1064 sona
437 1020 481 1064 est
506 1007 647 1079 heretica,
683 1008 754 1082 quia
778 1007 821 1065 sic
845 1028 862 1065 a
888 1006 997 1064 maiori
1021 1020 1108 1081 parte
1132 1004 1201 1062 talis
1225 1001 1357 1078 populi5

339 1108 496 1169 reputatur
519 1108 548 1152 et
572 1100 616 1163 (ut
640 1095 775 1168 capiunt)
800 1115 855 1152 vox
879 1093 984 1170 populi
1009 1108 1053 1150 est
1077 1112 1132 1149 vox
1155 1090 1220 1149 Dei.
1252 1094 1332 1147 Deus

340 1196 440 1238 autem
476 1200 528 1255 per
552 1180 640 1239 istam
675 1181 851 1240 divisionem
890 1181 1049 1240 confundit
1082 1195 1219 1254 patenter
1242 1177 1332 1234 istam

340 1268 507 1326 versuciam
531 1268 718 1326 Antichristi.
758 1273 834 1326 Nam
860 1268 958 1327 maior
982 1268 1112 1343 populus
1135 1281 1239 1324 tenens
1263 1283 1331 1322 cum

341 1357 497 1413 Clemente
531 1370 650 1430 reputat
674 1357 836 1414 Urbanitas
872 1375 935 1414 esse
968 1355 1117 1413 hereticos
1140 1368 1169 1411 et
1193 1365 1331 1423 econtra;

341 1458 369 1500 et
393 1457 522 1518 utroque
546 1444 661 1517 populo
685 1446 814 1501 habente
843 1443 1029 1501 adiutorium
1056 1445 1093 1500 de
1117 1441 1256 1499 fidelibus
1280 1438 1332 1513 qui
1347 1458 1378 1494 ro

340 1544 409 1587 sunt
433 1544 524 1599 extra,
549 1545 581 1586 ut
598 1544 681 1605 patet
702 1534 739 1588 de
755 1532 858 1589 Grecis
881 1546 910 1588 et
925 1529 1027 1587 Judeis
1044 1544 1073 1587 et
1097 1528 1163 1586 aliis
1187 1527 1228 1585 eis
1251 1525 1333 1584 simi-

341 1617 427 1687 libus,
460 1616 512 1692 qui
545 1632 686 1691 reputant
721 1634 784 1674 tum
815 1618 1022 1675 Clementinos
1055 1636 1145 1692 quam
1171 1613 1334 1673 Urbanitas

341 1704 499 1773 hereticos,
533 1720 616 1778 patet
640 1708 722 1781 quod
756 1705 785 1761 in
820 1706 904 1762 nulla
927 1724 987 1762 una
1016 1703 1172 1779 provincia
1195 1715 1265 1758 sunt
1290 1713 1333 1757 tot
1414 1760 1422 1771 ,

342 1792 446 1866 populi
485 1806 653 1849 asserentes
694 1792 846 1867 privatum
893 1792 1063 1867 simplicem
1111 1791 1230 1847 fidelem
1270 1806 1333 1845 esse

343 1879 518 1936 hereticum.
1348 1878 1376 1926 15

178 1983 276 2078 irpives
385 1968 455 2023 Ideo
479 1966 573 2023 tercio
590 1981 661 2024 sunt
685 1967 788 2024 fideles
804 1966 835 2023 in
852 1967 915 2040 lege
933 1965 1055 2023 Domini
1080 1963 1227 2022 consolati
1251 1964 1333 2037 quod

144 2039 315 2131 ‘ffilsfflfissulf’
342 2052 439 2110 sciunt
471 2052 692 2111 Antichristum
726 2068 754 2111 et
790 2073 989 2129 quoscunque
1021 2051 1170 2110 hereticos
1196 2052 1333 2108 laborare

343 2138 375 2196 in
397 2139 457 2197 isto
481 2154 594 2214 puncto
611 2154 717 2198 contra
740 2141 922 2217 scripturam
945 2159 1064 2198 sacram
1088 2153 1214 2214 propter
1229 2155 1333 2211 super·

343 2225 424 2284 biam
449 2241 540 2302 atque
563 2229 692 2285 lucrum.
733 2231 769 2286 Et
793 2248 862 2285 cum
888 2230 925 2286 de
949 2247 980 2285 se
1004 2226 1077 2301 ipsis
1101 2228 1228 2284 credunt
1251 2225 1333 2300 quod

342 2332 404 2370 non
428 2314 569 2372 laborant
601 2329 739 2388 patenter
772 2330 878 2373 contra
902 2314 1085 2390 scripturam
1110 2331 1240 2382 sacram,
1279 2328 1333 2367 nec
1345 2326 1377 2360 20

343 2415 473 2475 querunt
497 2420 530 2458 ex
555 2400 643 2459 dictis
667 2402 728 2459 suis
751 2422 859 2460 vanam
890 2403 1017 2477 gloriam
1043 2401 1104 2458 sive
1128 2401 1257 2469 lucrum,
1289 2410 1334 2454 est

343 2487 401 2544 illis
426 2488 547 2545 evidens
571 2491 653 2563 quod
677 2509 738 2546 non
771 2505 839 2546 sunt
865 2489 989 2547 heretici
1013 2490 1060 2545 rel
1084 2486 1225 2562 discipuli
1248 2483 1333 2542 Anti-

344 2575 455 2632 christi.
493 2576 679 2650 Augustinus
713 2591 813 2633 autem
849 2597 939 2651 super
973 2578 1093 2634 Psalmo
1126 2577 1164 2632 lx
1202 2574 1335 2630 declarat

343 2677 531 2736 assumptum
557 2665 699 2739 quomodo
723 2676 783 2720 tolo
806 2665 887 2721 scola
904 2665 1076 2721 Antichristi
1098 2682 1153 2720 uon
1169 2661 1282 2738 fundat
1304 2676 1335 2715 se

344 2749 400 2806 nisi
414 2751 502 2824 sorte
523 2751 678 2825 sophistice
705 2769 794 2827 super
822 2751 899 2808 rnalo
923 2771 1007 2808 seusu
1030 2751 1178 2826 scripture
1200 2765 1286 2804 sacre
1308 2748 1377 2802 elai

344 2836 460 2894 laborat
479 2848 604 2912 propter
627 2857 731 2894 vanam
753 2838 884 2916 gloriam
908 2839 970 2895 sive
993 2841 1117 2898 lucrum.
1142 2835 1259 2893 Fideles
1282 2852 1335 2891 au·

345 2936 406 2979 tem
439 2925 611 2981 sacerdotes
644 2944 705 2981 non
737 2939 806 2981 sunt
839 2924 868 2980 in
903 2926 1007 3001 aliquo
1040 2926 1148 2981 horum
1181 2919 1335 2994 sibiipsis

346 3010 472 3081 conscii;
510 3012 562 3067 sed
601 3013 691 3068 docto
723 3014 804 3087 quod
835 3012 865 3068 in
901 3013 1004 3088 aliquo
1033 3013 1141 3068 horum
1172 3007 1334 3066 erraverint

346 3096 501 3154 humiliter
523 3099 630 3154 volunt
653 3099 774 3173 corrigi.

148 3200 317 3261 lrshalesurc
390 3186 426 3240 Et
450 3187 573 3259 quando
607 3184 680 3242 tides
715 3186 864 3260 scripture
896 3188 1062 3244 secundum
1087 3184 1232 3242 iudicium
1256 3181 1335 3257 ipso·
1348 3183 1378 3233 30

153 3254 309 3348 Ἢῗζῇξζὸξ*
347 3289 412 3326 rum
439 3271 512 3328 dicit
547 3271 661 3346 aliquid
686 3288 714 3329 et
746 3275 827 3330 scola
852 3273 1028 3331 Antichristi
1057 3273 1121 3329 sine
1147 3271 1269 3327 racione
1292 3268 1336 3324 vel

347 3359 529 3415 auctoritate
562 3358 633 3415 dicit
666 3361 851 3433 oppositum,
891 3361 1039 3436 scripture
1063 3378 1146 3417 sacre
1185 3355 1336 3415 sentencie

349 3446 547 3515 adherebunt,
587 3447 657 3521 quia
692 3447 779 3503 aliter
813 3448 973 3506 infideliter
1010 3447 1165 3505 hominem
1200 3445 1335 3502 fallacem

347 3547 549 3607 preponerent
575 3536 638 3589 Deo
670 3553 732 3594 suo.
771 3537 949 3593 Confutacio
983 3554 1054 3610 ergo
1082 3534 1167 3591 istius
1200 3531 1336 3606 argucie:

347 3620 551 3677 communitas
577 3620 731 3677 hominum
763 3622 835 3680 dicit
860 3623 948 3680 istum
975 3642 1038 3680 esse
1063 3622 1238 3691 hereticum,
1268 3618 1380 3692 ergoli

347 3726 461 3773 verum,
494 3722 537 3763 est
566 3707 732 3781 preciosior
761 3709 900 3767 fidelibus
924 3730 957 3766 ex
982 3711 1037 3767 ista
1071 3708 1216 3766 divisione
1251 3705 1338 3762 huius

347 3795 455 3868 capitis
489 3814 579 3868 quam
615 3796 730 3851 lucrum
765 3796 888 3870 aliquod
924 3799 1102 3872 temporale.
1142 3799 1203 3852 Nec
1242 3805 1338 3868 potest

349 3881 505 3954 patencius
538 3883 681 3938 conlundi
716 3883 772 3939 ista
801 3884 925 3957 argucia
958 3904 1048 3959 quam
1089 3903 1121 3940 ex
1152 3880 1337 3938 dissensione

348 3967 404 4025 ista
428 3988 519 4043 quam
544 3972 693 4025 Dominus
717 3970 892 4033 introduxit,
923 3992 990 4029 cum
1017 3985 1078 4028 tum
1105 3967 1249 4044 episcopi,
1276 3985 1338 4022 mo·

348 4057 446 4121 nachi,
485 4055 621 4112 canonici
652 4071 743 4131 atque
776 4059 883 4116 fratres
916 4060 1018 4116 dicunt
1051 4059 1079 4114 in
1105 4056 1232 4113 Francia
1256 4053 1382 4129 qu0d40

349 4143 464 4215 Anglici
482 4145 662 4199 adherentes
679 4147 803 4200 Urbano
827 4162 854 4202 et
877 4146 1046 4221 linquentes
1064 4147 1250 4201 Clementem
1270 4154 1338 4196 sunt

401 4454 433 4496 ιθ.
448 4454 507 4498 Ain
523 4465 610 4507 marga
625 4465 650 4506 3.
