3098 5130
171 511 238 554 cnr.
255 497 309 580 vt]
458 521 504 571 nn
524 521 762 573 xnrtcnmsro
783 523 845 573 mn.
866 524 883 572 t.

172 697 207 734 eu
238 681 301 755 ipso
324 692 390 736 suut
414 683 525 749 onmia;
549 683 700 760 inungimur,
725 685 791 758 quia
811 702 868 759 per
891 685 984 760 ipsum
1002 686 1098 740 omnia
1117 687 1163 741 uel

172 768 304 839 quoniam
326 786 382 843 per
406 769 652 844 dispensationem
676 771 774 826 carnis
790 773 851 826 eius
867 790 966 827 omnes
983 773 1163 829 reconciliati

172 873 270 910 sunrus
289 856 362 912 Deo.
391 856 534 923 Queritur
549 875 640 931 quare
662 859 820 914 aduersum
839 859 892 914 ltoc
904 870 1075 935 preceptum
1094 861 1161 915 doc·

172 953 263 998 torem
286 942 420 1018 gencium
444 944 602 1019 Apostolus
632 963 663 1001 se
686 963 747 1002 esse
778 945 899 1016 dixerit,
933 957 985 1002 aut
1016 948 1160 1021 quomodo

147 1029 292 1103 §irrigato
315 1048 450 1086 sermone
472 1032 602 1087 maxime
625 1032 653 1087 in
678 1033 825 1088 Palestina
841 1044 868 1089 et
892 1033 996 1110 Egipti
1017 1047 1161 1090 monaste-

171 1115 224 1170 riis
246 1134 277 1171 se
299 1117 419 1173 inuicem
440 1130 543 1193 patres
568 1131 676 1175 nocent.
729 1120 816 1188 Quod
838 1120 880 1176 sic
903 1120 1044 1177 soluitur.-
1074 1122 1162 1177 Aliud

171 1213 211 1257 est
234 1215 340 1259 tratura
364 1222 428 1261 esse
448 1216 565 1281 patrem
591 1206 637 1263 vel
651 1206 840 1285 magistrum,
864 1206 946 1262 aliud
962 1207 1159 1284 indulgencia.

170 1290 232 1345 Nos
254 1292 280 1345 si
302 1291 447 1348 hominem
468 1303 585 1368 patrem
611 1311 759 1366 vocamus,
792 1295 931 1350 honorem
956 1295 1027 1351 etati
1050 1296 1158 1370 deferi-

170 1395 243 1447 mus,
267 1397 322 1434 non
346 1390 495 1437 auctorem
520 1391 620 1438 nostre
642 1382 820 1438 ostendimus
840 1382 905 1437 uite.
923 1381 1073 1459 Magister
1087 1402 1158 1458 quo·

130 1481 222 1536 roqtte
246 1465 351 1521 dicitur
370 1484 409 1523 ex
432 1468 581 1525 consorcio
598 1469 663 1526 veri
685 1468 832 1547 magistri.
856 1469 896 1524 Et
920 1487 955 1525 ne
978 1468 1088 1546 infinita
1113 1487 1158 1525 re-

166 1551 282 1624 plicem,
314 1555 461 1628 quomodo
497 1574 570 1611 unus
591 1574 646 1631 per
670 1567 806 1612 naturam
831 1556 913 1612 Deus
936 1567 963 1612 et
987 1574 1061 1613 unus
1074 1556 1160 1632 filius

168 1652 223 1693 non
244 1640 410 1714 preiudicat
432 1642 545 1713 ceteris,
570 1661 605 1698 ne
624 1662 681 1718 per
695 1643 884 1719 adoptionem
909 1643 950 1698 dii
973 1655 1111 1700 vocentur
1133 1655 1160 1700 et

160 1725 235 1800 filii:
266 1728 305 1782 ita
341 1740 367 1783 et
399 1748 472 1786 unus
506 1741 533 1786 et
563 1742 651 1805 pater
675 1732 721 1787 vel
743 1732 887 1808 magister
915 1749 970 1786 non
991 1731 1159 1806 preiudicat

168 1813 243 1883 aliis,
283 1825 312 1870 ut
350 1816 468 1872 abusive
498 1819 683 1892 appellentur
719 1829 821 1893 patres
852 1829 878 1872 et
913 1818 1061 1893 magistri.
1097 1820 1158 1874 Hec

128 1902 355 1975 isteronymus.

210 1989 335 2046 Videtur
368 1990 458 2047 istum
498 2005 635 2048 sanctum
675 2010 729 2066 per
761 1991 1029 2066 equivocacionem
1062 1992 1157 2066 patris
1220 2001 1322 2063 Varrone

168 2088 195 2131 et
230 2077 364 2151 magistri
399 2078 560 2134 admittere
593 2081 676 2153 quod
709 2078 847 2135 homines
881 2092 1027 2135 vocentur
1051 2080 1089 2134 ad
1113 2078 1157 2134 in·
1186 2057 1352 2151 fflffiffid‘ff

168 2163 261 2220 vicem
302 2164 365 2220 istis
404 2165 588 2223 nominibus.
630 2168 716 2223 Unde
755 2166 947 2240 grammatici
987 2166 1158 2240 exprimunt

168 2251 431 2325 equivocacionem
466 2253 561 2327 patris
594 2252 825 2327 quIntuplicem.
875 2253 1020 2310 Diabolus
1055 2267 1156 2310 autem

124 2352 292 2395 revocatur
312 2351 401 2415 pater
424 2342 575 2407 mendacii,
600 2354 632 2396 ut
657 2354 740 2415 patet
764 2343 830 2396 Joh.
855 2343 929 2409 VIII,
955 2355 1011 2415 443
1036 2355 1064 2396 et
1082 2343 1157 2397 Pau-

168 2426 212 2481 Ius
258 2445 395 2500 expresse
441 2441 567 2484 vocatur
613 2429 756 2506 magister
801 2439 827 2483 et
874 2429 978 2484 doctor
1022 2428 1156 2504 gencium

169 2514 190 2568 II
214 2512 293 2569 Tim.
320 2517 328 2569 I
354 2534 420 2588 cap.
451 2533 496 2572 11.
532 2517 607 2571 Cum
642 2515 733 2589 igitur
763 2514 792 2570 in
818 2515 876 2570 fide
899 2515 1049 2588 scripture
1074 2514 1157 2589 equi-

167 2601 290 2658 vocacio
314 2602 371 2658 ista
395 2601 573 2676 exprimitur
598 2616 626 2658 et
650 2605 687 2658 de
711 2615 817 2658 sancto
834 2603 974 2676 apostolo
991 2616 1156 2659 exercetur.

167 2686 283 2744 videtur
307 2692 389 2763 quod
406 2692 463 2746 hoc
485 2689 523 2745 sit
546 2689 672 2762 licitum,
698 2703 726 2746 et
751 2682 841 2769 (sicut
861 2702 947 2746 notat
962 2688 1155 2762 leronymus)

125 2773 155 2823 25
170 2777 247 2831 Deus
271 2790 332 2833 tam
357 2777 387 2832 in
411 2777 556 2851 singulari
581 2796 672 2852 quam
707 2777 738 2833 in
761 2776 871 2850 plurali
896 2776 1094 2851 equivocatus
1118 2779 1155 2832 ad

170 2865 263 2919 Deum
300 2867 427 2921 deorum
462 2879 490 2921 et
523 2864 682 2938 adoptivos
716 2863 770 2921 Dei
807 2863 883 2920 filios
916 2883 986 2920 suos
1019 2862 1156 2920 subditos

168 2952 347 3023 regulantes.
387 2953 437 3009 Sic
471 2951 550 3008 enim
583 2967 711 3009 vocatur
734 2953 851 3024 Moyses
875 2951 957 3007 Deus
990 2951 1156 3007 Pharaonis

169 3038 260 3093 Exodi
285 3041 346 3110 VII,
376 3058 400 3111 1,
435 3054 463 3095 et
496 3058 567 3114 sepe
590 3053 738 3097 vocantur
761 3039 819 3094 Dei
832 3039 895 3114 filii
921 3037 1089 3113 pluraliter,
1123 3052 1155 3094 ut

167 3138 247 3196 patet
271 3127 336 3182 loh.
361 3128 395 3184 X.
430 3129 531 3196 Quare
555 3146 627 3200 ergo
651 3146 712 3183 non
738 3124 808 3181 licet
831 3125 1011 3199 equivocare
1035 3126 1154 3183 confor-

125 3211 256 3276 ,nominer
280 3215 318 3269 ad
342 3213 544 3288 scripturam?

211 3304 241 3356 In
275 3300 339 3357 istis
372 3300 490 3358 videtur
523 3300 596 3357 mihi
621 3303 713 3376 quod,
747 3300 818 3374 quia
847 3302 961 3373 grande
984 3300 1153 3375 periculum
1185 3309 1351 3381 Thoumna

166 3402 209 3445 est
234 3389 263 3443 in
288 3407 388 3458 causa,
414 3390 551 3446 homines
576 3390 686 3445 debent
709 3388 932 3462 appellaciones
950 3388 1075 3444 istorum
1101 3363 1372 3469 no-”iiJs'J-iessfg'nfim

167 3477 280 3533 minum
307 3479 343 3531 ab
368 3477 541 3534 hominibus
564 3494 729 3533 removere.
763 3475 812 3533 Sic
841 3475 920 3532 enim
951 3473 1074 3531 inolevit
1097 3473 1154 3530 istu
1229 3478 1302 3509 ‘'⁸⁰'-

166 3564 343 3638 blasphema
376 3567 412 3620 de
445 3583 524 3639 papa
557 3563 674 3621 locucio
708 3564 790 3637 quod
824 3575 947 3619 vocetur
976 3559 1154 3635 regulariter

124 3659 250 3728 lipater
272 3651 461 3707 beatissimus.
486 3654 523 3708 Et
547 3669 608 3707 non
632 3650 757 3707 dubium
783 3649 865 3723 quin.
891 3649 1048 3723 supposito
1073 3650 1153 3722 quod

166 3739 203 3793 sit
227 3738 375 3809 diabolus
408 3738 485 3794 sicut
519 3756 589 3811 sepe
613 3737 720 3807 evenit,
753 3737 834 3793 istud
864 3755 976 3793 nomen
1001 3735 1056 3793 sibi
1082 3735 1154 3790 salse

166 3839 194 3881 et
218 3824 382 3898 ypocritice
406 3825 591 3898 applicatur;
626 3824 694 3881 ideo
717 3824 835 3880 ridetur
863 3822 998 3879 securius
1022 3836 1100 3878 stare
1125 3821 1155 3876 in

167 3912 312 3969 limitibus
336 3912 409 3985 Iegis
434 3911 555 3968 Christi.
588 3913 698 3969 Paulus
722 3926 823 3968 autem
848 3924 972 3967 vocatur
996 3928 1028 3965 ex
1053 3907 1154 3965 officio

218 4183 238 4227 3.
253 4187 273 4228 Α
285 4185 307 4227 in
319 4194 405 4236 marg:
422 4181 492 4225 Pater
506 4183 537 4224 du
553 4182 648 4224 liciter:
662 4186 757 4232 natura,
773 4180 932 4233 indulgencia.
973 4231 976 4238 Ι
991 4190 1024 4229 ra.
1054 4178 1083 4220 n:
1098 4177 1155 4238 utu·

168 4238 239 4279 sione.
308 4236 339 4278 ui.
355 4236 414 4278 Ain
430 4247 515 4287 inturg:
545 4234 658 4276 ohannes.
722 4244 757 4284 sa.
773 4234 807 4275 A:
823 4231 956 4291 lrocdeest;
972 4231 1003 4272 rb.
1020 4230 1155 4291 Inurum

166 4289 365 4331 notutldonu'num
382 4288 450 4330 Itens.
531 4285 844 4340 31.Codd.:l³lasplremin.
915 4281 949 4324 30.
971 4283 1001 4324 ll:
1017 4283 1061 4324 situ
1075 4283 1153 4331 dorsu

167 4343 197 4383 ili.
214 4342 229 4383 n
237 4354 241 4380 :
250 4342 392 4395 Jalsissime.

224 4449 260 4499 15.
280 4450 298 4496 I.
317 4449 386 4497 TIm.
408 4448 435 4508 n,
458 4463 480 4512 7.
