3098 5130
193 458 261 502 cnr.
279 446 318 528 u]
468 463 512 511 nn
532 461 768 512 nuttctttttsto
790 463 853 512 teta.
874 463 891 511 t.

243 624 333 680 Orate
357 634 452 679 autem
487 635 517 680 ut
548 642 603 680 non
619 624 679 701 fiat
693 625 776 701 suga
809 635 906 680 uestra
930 624 1023 681 niente
1046 615 1092 680 vel
1114 626 1179 682 salr-

195 711 270 767 bato.
318 711 351 766 Si
382 711 418 767 de
449 710 616 785 captivitate
640 711 804 767 Jerusalem
838 711 1016 768 voluerimus
1039 711 1180 786 accipere,

195 798 310 872 quando
333 817 350 853 a
379 797 442 854 Tito
465 809 492 853 et
521 798 695 872 Vespasiano
725 809 809 874 capta
834 809 885 869 est,
910 816 1000 855 orare
1023 799 1125 854 debent
1148 817 1182 855 ne

195 887 277 963 suga
302 904 402 940 eorum
419 885 511 940 hieme
535 886 581 941 uel
594 886 714 941 sabbato
722 884 791 962 stat,
808 885 873 959 quia
897 885 925 940 in
949 885 1044 941 altero
1068 885 1180 943 duricia

171 973 332 1050 §frigoris
350 972 487 1048 prohibet
518 973 558 1027 ad
579 971 750 1029 solitudines
777 989 909 1050 pergere
935 972 1013 1028 etin
1036 972 1182 1029 montibus

195 1060 373 1134 desertisque
395 1059 530 1128 latitare;
568 1059 596 1114 in
619 1060 715 1115 altero
748 1071 845 1115 autem
875 1059 1075 1137 transgressio
1108 1055 1182 1137 legis

194 1157 236 1203 est
257 1146 284 1202 si
302 1148 418 1224 sugere
450 1145 604 1216 voluerint,
641 1158 692 1202 aut
724 1165 806 1202 mors
836 1146 987 1203 imminens
1017 1146 1045 1202 si
1066 1164 1181 1202 reman-

195 1234 294 1293 serint.
337 1233 373 1289 llt
393 1244 474 1309 patet
497 1246 515 1288 2
538 1233 655 1290 Mache.
686 1233 731 1289 VI.
763 1233 797 1289 Si
818 1244 913 1289 autem
938 1233 974 1290 de
997 1250 1180 1289 consumma·

194 1321 275 1376 cione
297 1321 399 1375 mundi
426 1320 611 1398 intelligitur,
643 1321 697 1376 hoc
717 1319 844 1396 precipit
867 1331 977 1377 utnon
1000 1320 1181 1399 refrigescat

156 1426 185 1458 to
195 1407 275 1484 fides
291 1417 390 1463 nostra
414 1418 442 1463 et
459 1407 488 1465 in
504 1406 622 1464 Christo
637 1407 749 1464 caritas
771 1425 861 1482 neque
883 1419 914 1463 ut
930 1406 1019 1463 ociosi
1033 1418 1179 1482 tamqnam

192 1494 280 1550 lttdei
301 1512 390 1569 opera
408 1505 577 1570 torpeamus
593 1494 734 1550 uirtutum
757 1495 887 1555 sabbato.
912 1496 975 1550 Hec
991 1497 1179 1567 leronymus¹

239 1580 369 1651 Quidam
403 1595 505 1637 autem
538 1581 727 1656 postillantes
758 1594 871 1638 textum
905 1580 995 1637 istum
1029 1593 1180 1656 exponunt

194 1667 390 1742 spiritualiter
414 1669 471 1725 hoc
496 1660 587 1725 niodo
610 1670 777 1725 secundum
807 1667 993 1726 sentenciam
1017 1666 1181 1741 ieronymi,

194 1755 266 1830 quia
290 1757 357 1830 plus
381 1770 528 1813 consonat
560 1754 779 1813 universalitati
805 1754 1027 1830 persecucionis
1051 1753 1181 1813 crudelis

156 1845 225 1899 15et
248 1842 403 1917 processui
427 1842 590 1918 prophecie
612 1842 724 1900 Christi
749 1861 785 1900 ac
808 1842 928 1900 eventui
952 1842 1011 1900 iarn
1037 1840 1181 1900 currenti.

196 1929 226 1986 Si
251 1929 330 1986 enim
357 1929 483 2004 quilibet
510 1929 693 1987 christianus
717 1929 832 2004 positus
855 1929 944 1986 luerit
967 1929 998 1986 in
1022 1929 1089 2004 ripa
1112 1948 1182 2004 pro·

196 2017 278 2073 fundi
303 2016 436 2073 fluminis
459 2031 488 2074 et
514 2018 637 2075 haberet
662 2018 777 2074 hostem
795 2017 905 2074 fortem
929 2029 1021 2091 atque
1048 2017 1180 2074 ferocem

195 2103 246 2178 qui
271 2104 418 2161 niteretur
450 2104 549 2178 ipsum
584 2104 764 2179 immergere
787 2103 848 2161 sive
876 2102 1015 2161 occidere
1039 2104 1182 2161 existente

196 2191 242 2248 via
265 2192 360 2262 labili,
385 2191 536 2249 diceretur
559 2191 730 2265 periculosa
753 2190 939 2265 persecucio,
965 2191 1060 2249 tnulto
1086 2189 1181 2264 magis
1212 2200 1373 2264 Trecentis

153 2279 303 2335 rosolutis
336 2278 464 2336 diabolis
497 2298 566 2336 cum
591 2277 737 2334 ministris
770 2277 831 2334 suis
863 2277 1037 2335 iuvantibus
1061 2255 1393 2351 trahen·,g¹ffss¹i⁵,¹,{{},⁰i0

196 2364 276 2423 tibus
300 2365 437 2422 homines
461 2368 499 2422 ad
524 2365 674 2422 infernum
700 2378 728 2421 et
753 2363 952 2439 spiritualiter
974 2364 1181 2421 occidentibus
1270 2319 1323 2402 idl-

196 2466 228 2509 ut
251 2452 389 2525 homines
405 2453 435 2509 in
459 2452 577 2510 inferno
594 2454 789 2527 postmodum
807 2454 1035 2526 demergantur:
1065 2451 1113 2518 Ve,
1137 2450 1181 2507 in-

196 2558 299 2613 quam,
319 2541 533 2618 pregnantibus
557 2551 583 2596 et
607 2540 798 2596 ntttrientibus
821 2538 993 2595 huiusmodi
1017 2538 1181 2596 abortivos.

197 2630 325 2683 Etcum
360 2639 424 2684 tota
456 2645 547 2684 causa
570 2626 659 2683 huius
687 2625 910 2701 persecucionis
933 2625 971 2682 sit
1003 2645 1038 2682 ex
1061 2624 1182 2699 refrige-
1201 2635 1392 2700 ‘lnthepinter’

154 2714 314 2770 niscencia
338 2713 472 2771 caritatis
504 2727 532 2770 et
557 2729 680 2788 torpore
704 2712 825 2770 iudaico
848 2727 972 2788 propter
995 2711 1182 2770 ceremonias
1205 2690 1379 2797 ζ,ῗ,ἒζ83ζῗξξξξ

197 2820 345 2858 novorum
370 2801 512 2858 ordinum
537 2801 735 2872 introductas,
762 2800 916 2874 signanter
948 2799 1021 2857 dicit
1044 2798 1181 2856 Christus
1214 2797 1373 2892 {essssgcuiffl

197 2891 277 2962 quod
307 2907 424 2945 oremus
452 2908 487 2944 ne
508 2888 570 2965 fiat
593 2888 673 2944 nobis
696 2889 780 2965 suga
805 2888 833 2943 in
856 2887 949 2944 hieme
980 2887 1026 2943 uel
1047 2887 1182 2954 sabbato;
1222 2859 1371 2945 cistariesios

196 2989 224 3031 et
248 2977 286 3032 ad
311 2975 368 3032 hoc
389 2974 550 3032 adducitur
573 2974 711 3033 doctrina
728 2973 840 3032 Christi
857 2976 938 3032 Luce
961 2975 1035 3043 XIV,
1059 2975 1182 3049 quando
1267 2954 1326 2997 '⁰¹¹⁶’

197 3062 270 3118 dicit
293 3063 320 3118 si
340 3063 404 3138 quis
427 3063 504 3119 uenit
526 3064 566 3118 ad
589 3080 635 3118 me
657 3075 724 3132 etc,
748 3061 800 3119 ubi
824 3074 910 3118 notat
933 3060 1091 3135 postilians
1114 3079 1182 3135 pre-

155 3149 295 3206 3odictus
319 3148 547 3224 proposiciones
571 3164 703 3224 quatuor
726 3167 801 3223 quas
828 3168 883 3222 per
906 3147 1044 3205 ordinem
1068 3146 1099 3204 in
1123 3147 1181 3204 isto

198 3238 354 3310 evangelio
377 3236 515 3293 Christus
540 3236 625 3293 dicit:
650 3235 752 3292 Primo
776 3236 900 3310 quidem
925 3235 1072 3292 rectificat
1095 3233 1181 3292 Chri·
1264 3248 1328 3311 Faus

198 3338 260 3380 stus
292 3343 465 3398 supremam
502 3325 674 3398 potenciam
700 3323 811 3394 anime,
849 3321 963 3379 scilicet
995 3323 1180 3379 voluntatem
1199 3306 1399 3397 ⁹¹⁰⁹8§}}¹,‘{¹}⁸⁰‘

199 3410 330 3468 hominis
346 3411 376 3467 in
393 3412 537 3482 amando,
562 3411 714 3485 tangendo
730 3423 844 3484 septem
871 3423 899 3466 et
924 3427 978 3484 per
994 3427 1182 3482 consequens
1193 3418 1209 3449 ¹·
1225 3406 1337 3501 diregiipe
1361 3407 1399 3450 ¹¹¹0

198 3497 302 3555 omnia
326 3517 384 3573 que
414 3499 502 3554 debet
527 3499 619 3555 homo
647 3511 829 3571 postponere
852 3495 883 3553 in
907 3514 1025 3554 amore:
1056 3497 1089 3551 Si
1110 3496 1182 3570 quis,
1321 3492 1326 3500 “

156 3585 306 3660 35inquit,
330 3585 405 3642 uenit
427 3587 467 3641 ad
490 3597 578 3642 meet
600 3603 656 3641 non
679 3585 740 3641 odit
758 3595 876 3661 patrem
900 3602 983 3640 suum
1008 3596 1035 3640 et
1058 3594 1182 3638 matrem

197 3683 224 3727 et
247 3691 371 3729 uxorem
395 3685 422 3728 et
445 3673 520 3735 tilios
542 3683 569 3727 et
585 3673 705 3746 fratres
728 3682 755 3728 et
777 3689 897 3728 sorores
918 3671 1014 3726 adhuc
1037 3681 1132 3725 autem
1156 3679 1183 3724 et

198 3760 324 3815 animam
348 3778 442 3835 suam,
466 3778 521 3816 non
542 3770 639 3835 potest
654 3777 735 3815 meus
757 3777 819 3815 esse
838 3758 1005 3834 discipulus.
1030 3755 1087 3814 Ubi
1112 3774 1181 3829 sup·

199 3848 372 3919 ponendum
411 3860 454 3902 est
493 3846 592 3920 primo
625 3847 706 3920 quod
731 3845 868 3903 Christus
900 3843 1035 3919 loquitur
1063 3844 1099 3900 de
1123 3841 1182 3899 illis

198 3933 377 4006 generaliter
409 3933 460 4009 qui
495 3936 533 3990 ad
557 3933 696 3989 ordinem
729 3951 815 3989 suum
845 3931 980 4003 veniunt,
1028 3929 1096 3987 licet
1121 3947 1182 3985 non

251 4226 282 4257 to.
297 4214 331 4256 A:
347 4211 470 4256 Christum.
536 4210 564 4255 13.
581 4211 670 4255 codd:
685 4211 731 4254 ltoc
743 4209 812 4254 modo
826 4210 929 4254 secundo
942 4207 1069 4260 ieronymi.
1084 4208 1182 4252 Senten-

197 4267 257 4308 cr'am
272 4265 359 4308 addidi.
414 4265 443 4309 31.
459 4268 481 4309 Α
495 4265 518 4308 in
534 4276 620 4319 marga
636 4263 781 4319 Proposicio.
840 4261 872 4306 33.
888 4264 920 4307 A:
937 4273 1078 4316 consequeus
1093 4265 1182 4304 cerata.

251 4405 291 4458 ²7·
311 4390 401 4440 Matth.
419 4392 509 4453 XXlV,
531 4407 570 4440 ιο.
626 4392 658 4454 34
687 4390 774 4440 Lucae
794 4389 861 4451 XIV,
881 4386 921 4438 26.
