<?xml version="1.0" encoding="UTF-8"?>
<!DOCTYPE html PUBLIC "-//W3C//DTD XHTML 1.0 Transitional//EN"
    "http://www.w3.org/TR/xhtml1/DTD/xhtml1-transitional.dtd">
<html xmlns="http://www.w3.org/1999/xhtml" xml:lang="en" lang="en">
 <head>
  <title>
</title>
<meta http-equiv="Content-Type" content="text/html;charset=utf-8" />
  <meta name='ocr-system' content='tesseract 3.04.00' />
  <meta name='ocr-capabilities' content='ocr_page ocr_carea ocr_par ocr_line ocrx_word'/>
</head>
<body>
  <div class='ocr_page' id='page_1' title='image "./iohanniswyclifo01wyclgoog_0272.png"; bbox 0 0 3098 5130; ppageno 0'>
   <div class='ocr_carea' id='block_1_1' title="bbox 205 460 913 543">
    <p class='ocr_par' dir='ltr' id='par_1_1' title="bbox 205 460 913 543">
     <span class='ocr_line' id='line_1_1' title="bbox 205 460 913 543; baseline 0.006 -20"><span class='ocrx_word' id='word_1_1' title='bbox 205 475 273 518; x_wconf 71' lang='lat' dir='ltr'>cur.</span> <span class='ocrx_word' id='word_1_2' title='bbox 288 460 373 543; x_wconf 67' lang='lat' dir='ltr'>lxii]</span> <span class='ocrx_word' id='word_1_3' title='bbox 487 479 531 527; x_wconf 81' lang='lat' dir='ltr'>or</span> <span class='ocrx_word' id='word_1_4' title='bbox 552 477 789 527; x_wconf 73' lang='lat' dir='ltr'>aurrcnutsro</span> <span class='ocrx_word' id='word_1_5' title='bbox 812 478 875 528; x_wconf 79' lang='lat' dir='ltr'>rra.</span> <span class='ocrx_word' id='word_1_6' title='bbox 895 478 913 527; x_wconf 90' lang='lat'>1.</span> 
     </span>
    </p>
   </div>
   <div class='ocr_carea' id='block_1_2' title="bbox 250 637 1389 742">
    <p class='ocr_par' dir='ltr' id='par_1_2' title="bbox 250 637 1389 742">
     <span class='ocr_line' id='line_1_2' title="bbox 250 637 1389 742; baseline -0.006 -47"><span class='ocrx_word' id='word_1_7' title='bbox 250 641 320 696; x_wconf 90' lang='lat' dir='ltr'>ldeo</span> <span class='ocrx_word' id='word_1_8' title='bbox 336 652 446 713; x_wconf 91' lang='lat' dir='ltr'>quarto</span> <span class='ocrx_word' id='word_1_9' title='bbox 471 637 573 695; x_wconf 87' lang='lat' dir='ltr'>fideles</span> <span class='ocrx_word' id='word_1_10' title='bbox 591 637 719 694; x_wconf 88' lang='lat' dir='ltr'>innuunt</span> <span class='ocrx_word' id='word_1_11' title='bbox 736 637 934 712; x_wconf 85' lang='lat' dir='ltr'>probabiliter</span> <span class='ocrx_word' id='word_1_12' title='bbox 953 639 1033 713; x_wconf 92' lang='lat' dir='ltr'>quod</span> <span class='ocrx_word' id='word_1_13' title='bbox 1050 655 1192 710; x_wconf 91' lang='lat' dir='ltr'>suprema</span> <span class='ocrx_word' id='word_1_14' title='bbox 1224 645 1389 742; x_wconf 52' lang='lat' dir='ltr'>sg&#39;reelteksormtpte</span> 
     </span>
     <span class='ocr_line' id='line_1_3' title="bbox 1308 712 1319 740; baseline 0 0"><span class='ocrx_word' id='word_1_15' title='bbox 1308 712 1319 740; x_wconf 79' lang='lat' dir='ltr'>S</span> 
     </span>
    </p>
   </div>
   <div class='ocr_carea' id='block_1_3' title="bbox 183 725 1397 1062">
    <p class='ocr_par' dir='ltr' id='par_1_3' title="bbox 183 725 1397 1062">
     <span class='ocr_line' id='line_1_4' title="bbox 206 725 1391 806; baseline -0.004 -24"><span class='ocrx_word' id='word_1_16' title='bbox 206 726 337 783; x_wconf 79' lang='lat' dir='ltr'>stulticia</span> <span class='ocrx_word' id='word_1_17' title='bbox 376 726 453 782; x_wconf 86' lang='lat' dir='ltr'>foret</span> <span class='ocrx_word' id='word_1_18' title='bbox 472 725 586 782; x_wconf 86' lang='lat' dir='ltr'>viantes</span> <span class='ocrx_word' id='word_1_19' title='bbox 619 726 722 782; x_wconf 87' lang='lat' dir='ltr'>fideles</span> <span class='ocrx_word' id='word_1_20' title='bbox 756 725 865 799; x_wconf 82' lang='lat' dir='ltr'>eligere</span> <span class='ocrx_word' id='word_1_21' title='bbox 897 726 987 782; x_wconf 92' lang='lat' dir='ltr'>talem</span> <span class='ocrx_word' id='word_1_22' title='bbox 1014 727 1137 785; x_wconf 82' lang='lat' dir='ltr'>ducem:</span> <span class='ocrx_word' id='word_1_23' title='bbox 1164 736 1192 779; x_wconf 91' lang='lat' dir='ltr'>et</span> <span class='ocrx_word' id='word_1_24' title='bbox 1223 750 1391 806; x_wconf 78' lang='lat' dir='ltr'>tueyaresree</span> 
     </span>
     <span class='ocr_line' id='line_1_5' title="bbox 206 803 1395 910; baseline -0.004 -41"><span class='ocrx_word' id='word_1_25' title='bbox 206 813 276 869; x_wconf 91' lang='lat' dir='ltr'>hinc</span> <span class='ocrx_word' id='word_1_26' title='bbox 310 816 385 869; x_wconf 93' lang='lat' dir='ltr'>bene</span> <span class='ocrx_word' id='word_1_27' title='bbox 421 827 465 870; x_wconf 91' lang='lat' dir='ltr'>est</span> <span class='ocrx_word' id='word_1_28' title='bbox 488 812 592 869; x_wconf 87' lang='lat' dir='ltr'>Grecis</span> <span class='ocrx_word' id='word_1_29' title='bbox 621 826 649 868; x_wconf 95' lang='lat' dir='ltr'>et</span> <span class='ocrx_word' id='word_1_30' title='bbox 682 811 748 868; x_wconf 88' lang='lat' dir='ltr'>aliis</span> <span class='ocrx_word' id='word_1_31' title='bbox 774 811 912 869; x_wconf 81' lang='lat' dir='ltr'>fidelibus</span> <span class='ocrx_word' id='word_1_32' title='bbox 945 813 996 886; x_wconf 92' lang='lat' dir='ltr'>qui</span> <span class='ocrx_word' id='word_1_33' title='bbox 1030 830 1046 867; x_wconf 88' lang='lat' dir='ltr'>a</span> <span class='ocrx_word' id='word_1_34' title='bbox 1080 812 1191 866; x_wconf 88' lang='lat' dir='ltr'>ducatu</span> <span class='ocrx_word' id='word_1_35' title='bbox 1222 803 1395 910; x_wconf 58' lang='lat' dir='ltr'>teiiiiihiiieof</span> 
     </span>
     <span class='ocr_line' id='line_1_6' title="bbox 206 900 1389 959; baseline -0.005 -3"><span class='ocrx_word' id='word_1_36' title='bbox 206 900 274 957; x_wconf 89' lang='lat' dir='ltr'>talis</span> <span class='ocrx_word' id='word_1_37' title='bbox 299 900 411 957; x_wconf 92' lang='lat' dir='ltr'>diaboli</span> <span class='ocrx_word' id='word_1_38' title='bbox 436 900 612 959; x_wconf 87' lang='lat' dir='ltr'>liberantur.</span> <span class='ocrx_word' id='word_1_39' title='bbox 1221 909 1278 952; x_wconf 80' lang='lat' dir='ltr'>sucu</span> <span class='ocrx_word' id='word_1_40' title='bbox 1294 906 1389 950; x_wconf 75' lang='lat' dir='ltr'>aderit.</span> 
     </span>
     <span class='ocr_line' id='line_1_7' title="bbox 183 986 1397 1062; baseline -0.005 -16"><span class='ocrx_word' id='word_1_41' title='bbox 183 998 194 1046; x_wconf 76' lang='lat'><strong>5</strong></span> <span class='ocrx_word' id='word_1_42' title='bbox 250 990 286 1043; x_wconf 89' lang='lat' dir='ltr'>Et</span> <span class='ocrx_word' id='word_1_43' title='bbox 311 1001 393 1062; x_wconf 88' lang='lat' dir='ltr'>patet</span> <span class='ocrx_word' id='word_1_44' title='bbox 417 987 523 1062; x_wconf 92' lang='lat' dir='ltr'>quinto</span> <span class='ocrx_word' id='word_1_45' title='bbox 547 988 628 1061; x_wconf 91' lang='lat' dir='ltr'>quod</span> <span class='ocrx_word' id='word_1_46' title='bbox 654 986 727 1043; x_wconf 87' lang='lat' dir='ltr'>fides</span> <span class='ocrx_word' id='word_1_47' title='bbox 744 987 868 1044; x_wconf 86' lang='lat' dir='ltr'>fundata</span> <span class='ocrx_word' id='word_1_48' title='bbox 893 987 922 1043; x_wconf 94' lang='lat' dir='ltr'>in</span> <span class='ocrx_word' id='word_1_49' title='bbox 946 986 1028 1043; x_wconf 89' lang='lat' dir='ltr'>dicto</span> <span class='ocrx_word' id='word_1_50' title='bbox 1052 986 1098 1042; x_wconf 82' lang='lat' dir='ltr'>vel</span> <span class='ocrx_word' id='word_1_51' title='bbox 1122 1003 1192 1041; x_wconf 89' lang='lat' dir='ltr'>auc-</span> <span class='ocrx_word' id='word_1_52' title='bbox 1215 1012 1265 1056; x_wconf 77' lang='lat' dir='ltr'>&#39;stre</span> <span class='ocrx_word' id='word_1_53' title='bbox 1280 1012 1397 1055; x_wconf 53' lang='lat' dir='ltr'>wilh„</span> 
     </span>
    </p>
   </div>
   <div class='ocr_carea' id='block_1_4' title="bbox 207 1064 1404 1148">
    <p class='ocr_par' dir='ltr' id='par_1_4' title="bbox 207 1064 1404 1148">
     <span class='ocr_line' id='line_1_8' title="bbox 207 1064 1404 1148; baseline -0.006 -19"><span class='ocrx_word' id='word_1_54' title='bbox 207 1075 329 1131; x_wconf 91' lang='lat' dir='ltr'>toritate</span> <span class='ocrx_word' id='word_1_55' title='bbox 362 1074 429 1132; x_wconf 89' lang='lat' dir='ltr'>talis</span> <span class='ocrx_word' id='word_1_56' title='bbox 463 1074 608 1148; x_wconf 88' lang='lat' dir='ltr'>prepositi</span> <span class='ocrx_word' id='word_1_57' title='bbox 642 1088 685 1130; x_wconf 89' lang='lat' dir='ltr'>est</span> <span class='ocrx_word' id='word_1_58' title='bbox 711 1073 836 1130; x_wconf 86' lang='lat' dir='ltr'>minima</span> <span class='ocrx_word' id='word_1_59' title='bbox 864 1074 942 1130; x_wconf 91' lang='lat' dir='ltr'>inter</span> <span class='ocrx_word' id='word_1_60' title='bbox 965 1091 1081 1144; x_wconf 87' lang='lat' dir='ltr'>omnes,</span> <span class='ocrx_word' id='word_1_61' title='bbox 1121 1064 1404 1147; x_wconf 67' lang='lat' dir='ltr'>quiatf⁸¹⁵l⁶f¹²d0¹¹¹he</span> 
     </span>
    </p>
   </div>
   <div class='ocr_carea' id='block_1_5' title="bbox 1347 478 1407 538">
    <p class='ocr_par' dir='ltr' id='par_1_5' title="bbox 1347 478 1407 538">
     <span class='ocr_line' id='line_1_9' title="bbox 1347 478 1407 538; baseline -0.017 0"><span class='ocrx_word' id='word_1_62' title='bbox 1347 478 1407 538; x_wconf 79' lang='lat'>233</span> 
     </span>
    </p>
   </div>
   <div class='ocr_carea' id='block_1_6' title="bbox 1169 1118 1404 1173">
    <p class='ocr_par' dir='ltr' id='par_1_6' title="bbox 1169 1118 1404 1173">
     <span class='ocr_line' id='line_1_10' title="bbox 1169 1118 1404 1173; baseline -0.013 -13"><span class='ocrx_word' id='word_1_63' title='bbox 1169 1158 1174 1168; x_wconf 83' lang='lat'><em>,</em></span> <span class='ocrx_word' id='word_1_64' title='bbox 1207 1129 1268 1173; x_wconf 86' lang='lat' dir='ltr'>pope</span> <span class='ocrx_word' id='word_1_65' title='bbox 1282 1118 1365 1172; x_wconf 84' lang='lat' dir='ltr'>heresy</span> <span class='ocrx_word' id='word_1_66' title='bbox 1378 1128 1404 1157; x_wconf 87' lang='lat' dir='ltr'>as</span> 
     </span>
    </p>
   </div>
   <div class='ocr_carea' id='block_1_7' title="bbox 207 1161 1397 1234">
    <p class='ocr_par' dir='ltr' id='par_1_7' title="bbox 207 1161 1397 1234">
     <span class='ocr_line' id='line_1_11' title="bbox 207 1161 1397 1234; baseline -0.006 -17"><span class='ocrx_word' id='word_1_67' title='bbox 207 1163 306 1218; x_wconf 91' lang='lat' dir='ltr'>adhuc</span> <span class='ocrx_word' id='word_1_68' title='bbox 340 1162 510 1218; x_wconf 80' lang='lat' dir='ltr'>evidencius</span> <span class='ocrx_word' id='word_1_69' title='bbox 550 1161 627 1218; x_wconf 86' lang='lat' dir='ltr'>foret</span> <span class='ocrx_word' id='word_1_70' title='bbox 659 1161 787 1218; x_wconf 84' lang='lat' dir='ltr'>fundare</span> <span class='ocrx_word' id='word_1_71' title='bbox 819 1161 850 1217; x_wconf 93' lang='lat' dir='ltr'>in</span> <span class='ocrx_word' id='word_1_72' title='bbox 884 1161 1064 1218; x_wconf 87' lang='lat' dir='ltr'>auctoritate</span> <span class='ocrx_word' id='word_1_73' title='bbox 1097 1172 1192 1234; x_wconf 85' lang='lat' dir='ltr'>patris</span> <span class='ocrx_word' id='word_1_74' title='bbox 1211 1169 1397 1219; x_wconf 62' lang='lat' dir='ltr'>romerium</span> 
     </span>
    </p>
   </div>
   <div class='ocr_carea' id='block_1_8' title="bbox 1202 1222 1409 1282">
    <p class='ocr_par' dir='ltr' id='par_1_8' title="bbox 1202 1222 1409 1282">
     <span class='ocr_line' id='line_1_12' title="bbox 1202 1222 1409 1282; baseline -0.005 -18"><span class='ocrx_word' id='word_1_75' title='bbox 1202 1222 1286 1277; x_wconf 77' lang='lat' dir='ltr'>heresy</span> <span class='ocrx_word' id='word_1_76' title='bbox 1300 1228 1409 1282; x_wconf 81' lang='lat' dir='ltr'>contrary</span> 
     </span>
    </p>
   </div>
   <div class='ocr_carea' id='block_1_9' title="bbox 117 1247 1384 4202">
    <p class='ocr_par' dir='ltr' id='par_1_9' title="bbox 208 1247 1384 1328">
     <span class='ocr_line' id='line_1_13' title="bbox 208 1247 1384 1328; baseline -0.003 -24"><span class='ocrx_word' id='word_1_77' title='bbox 208 1249 368 1306; x_wconf 90' lang='lat' dir='ltr'>mendacii.</span> <span class='ocrx_word' id='word_1_78' title='bbox 395 1251 460 1324; x_wconf 90' lang='lat' dir='ltr'>lpse</span> <span class='ocrx_word' id='word_1_79' title='bbox 484 1248 564 1306; x_wconf 89' lang='lat' dir='ltr'>enim</span> <span class='ocrx_word' id='word_1_80' title='bbox 589 1248 707 1317; x_wconf 84' lang='lat' dir='ltr'>videtur</span> <span class='ocrx_word' id='word_1_81' title='bbox 731 1248 984 1305; x_wconf 90' lang='lat' dir='ltr'>mendacissimus</span> <span class='ocrx_word' id='word_1_82' title='bbox 1007 1247 1113 1305; x_wconf 85' lang='lat' dir='ltr'>viator.</span> <span class='ocrx_word' id='word_1_83' title='bbox 1224 1281 1248 1317; x_wconf 89' lang='lat' dir='ltr'>to</span> <span class='ocrx_word' id='word_1_84' title='bbox 1262 1281 1384 1328; x_wconf 75' lang='lat' dir='ltr'>scripture,</span> 
     </span>
    </p>

    <p class='ocr_par' dir='ltr' id='par_1_10' title="bbox 251 1329 1378 1421">
     <span class='ocr_line' id='line_1_14' title="bbox 251 1329 1378 1421; baseline -0.003 -30"><span class='ocrx_word' id='word_1_85' title='bbox 251 1339 285 1391; x_wconf 88' lang='lat' dir='ltr'>Et</span> <span class='ocrx_word' id='word_1_86' title='bbox 311 1337 379 1393; x_wconf 90' lang='lat' dir='ltr'>hinc</span> <span class='ocrx_word' id='word_1_87' title='bbox 413 1350 495 1410; x_wconf 89' lang='lat' dir='ltr'>patet</span> <span class='ocrx_word' id='word_1_88' title='bbox 519 1350 602 1392; x_wconf 80' lang='lat' dir='ltr'>sexto</span> <span class='ocrx_word' id='word_1_89' title='bbox 628 1349 848 1411; x_wconf 90' lang='lat' dir='ltr'>consequenter</span> <span class='ocrx_word' id='word_1_90' title='bbox 872 1337 952 1410; x_wconf 93' lang='lat' dir='ltr'>quod</span> <span class='ocrx_word' id='word_1_91' title='bbox 977 1334 1116 1392; x_wconf 92' lang='lat' dir='ltr'>diabolus</span> <span class='ocrx_word' id='word_1_92' title='bbox 1140 1351 1191 1407; x_wconf 87' lang='lat' dir='ltr'>ap·</span> <span class='ocrx_word' id='word_1_93' title='bbox 1236 1329 1378 1421; x_wconf 53' lang='lat' dir='ltr'>fffljffleffld</span> 
     </span>
    </p>

    <p class='ocr_par' dir='ltr' id='par_1_11' title="bbox 117 1410 1344 4115">
     <span class='ocr_line' id='line_1_15' title="bbox 168 1410 1344 1498; baseline -0.007 -15"><span class='ocrx_word' id='word_1_94' title='bbox 168 1423 372 1498; x_wconf 72' lang='lat' dir='ltr'>inpropriavit</span> <span class='ocrx_word' id='word_1_95' title='bbox 396 1443 474 1498; x_wconf 87' lang='lat' dir='ltr'>pape</span> <span class='ocrx_word' id='word_1_96' title='bbox 498 1423 626 1480; x_wconf 92' lang='lat' dir='ltr'>heresim</span> <span class='ocrx_word' id='word_1_97' title='bbox 645 1424 682 1479; x_wconf 88' lang='lat' dir='ltr'>de</span> <span class='ocrx_word' id='word_1_98' title='bbox 706 1423 804 1480; x_wconf 91' lang='lat' dir='ltr'>hostia</span> <span class='ocrx_word' id='word_1_99' title='bbox 822 1436 998 1480; x_wconf 86' lang='lat' dir='ltr'>consecrata</span> <span class='ocrx_word' id='word_1_100' title='bbox 1021 1424 1103 1497; x_wconf 88' lang='lat' dir='ltr'>quod</span> <span class='ocrx_word' id='word_1_101' title='bbox 1127 1420 1193 1494; x_wconf 88' lang='lat' dir='ltr'>ipsa</span> <span class='ocrx_word' id='word_1_102' title='bbox 1269 1412 1273 1419; x_wconf 61' lang='grc'><strong>“</strong></span> <span class='ocrx_word' id='word_1_103' title='bbox 1313 1412 1316 1418; x_wconf 66' lang='grc'><em>’</em></span> <span class='ocrx_word' id='word_1_104' title='bbox 1339 1410 1344 1421; x_wconf 77' lang='grc'>’</span> 
     </span>
     <span class='ocr_line' id='line_1_16' title="bbox 206 1508 1191 1580; baseline -0.003 -14"><span class='ocrx_word' id='word_1_105' title='bbox 206 1510 242 1566; x_wconf 87' lang='lat' dir='ltr'>sit</span> <span class='ocrx_word' id='word_1_106' title='bbox 268 1511 408 1568; x_wconf 86' lang='lat' dir='ltr'>accidens</span> <span class='ocrx_word' id='word_1_107' title='bbox 432 1511 496 1567; x_wconf 92' lang='lat' dir='ltr'>sine</span> <span class='ocrx_word' id='word_1_108' title='bbox 520 1510 655 1567; x_wconf 85' lang='lat' dir='ltr'>subiecto</span> <span class='ocrx_word' id='word_1_109' title='bbox 679 1512 725 1567; x_wconf 83' lang='lat' dir='ltr'>rel</span> <span class='ocrx_word' id='word_1_110' title='bbox 748 1510 856 1580; x_wconf 88' lang='lat' dir='ltr'>nichil;</span> <span class='ocrx_word' id='word_1_111' title='bbox 881 1512 960 1566; x_wconf 91' lang='lat' dir='ltr'>unde</span> <span class='ocrx_word' id='word_1_112' title='bbox 985 1509 1038 1567; x_wconf 86' lang='lat' dir='ltr'>filii</span> <span class='ocrx_word' id='word_1_113' title='bbox 1062 1508 1107 1565; x_wconf 89' lang='lat' dir='ltr'>sui</span> <span class='ocrx_word' id='word_1_114' title='bbox 1131 1526 1191 1564; x_wconf 91' lang='lat' dir='ltr'>non</span> 
     </span>
     <span class='ocr_line' id='line_1_17' title="bbox 208 1596 1193 1672; baseline -0.003 -19"><span class='ocrx_word' id='word_1_115' title='bbox 208 1600 317 1654; x_wconf 90' lang='lat' dir='ltr'>habent</span> <span class='ocrx_word' id='word_1_116' title='bbox 343 1598 557 1655; x_wconf 88' lang='lat' dir='ltr'>fundacionem</span> <span class='ocrx_word' id='word_1_117' title='bbox 583 1598 673 1654; x_wconf 89' lang='lat' dir='ltr'>aliam</span> <span class='ocrx_word' id='word_1_118' title='bbox 698 1611 823 1672; x_wconf 89' lang='lat' dir='ltr'>propter</span> <span class='ocrx_word' id='word_1_119' title='bbox 848 1596 928 1654; x_wconf 88' lang='lat' dir='ltr'>istud</span> <span class='ocrx_word' id='word_1_120' title='bbox 944 1597 1001 1653; x_wconf 91' lang='lat' dir='ltr'>nisi</span> <span class='ocrx_word' id='word_1_121' title='bbox 1026 1596 1193 1653; x_wconf 84' lang='lat' dir='ltr'>decretales</span> 
     </span>
     <span class='ocr_line' id='line_1_18' title="bbox 207 1683 1194 1760; baseline -0.004 -18"><span class='ocrx_word' id='word_1_122' title='bbox 207 1704 295 1759; x_wconf 86' lang='lat' dir='ltr'>pape,</span> <span class='ocrx_word' id='word_1_123' title='bbox 319 1701 351 1742; x_wconf 90' lang='lat' dir='ltr'>ut</span> <span class='ocrx_word' id='word_1_124' title='bbox 376 1685 526 1760; x_wconf 88' lang='lat' dir='ltr'>inquiunt,</span> <span class='ocrx_word' id='word_1_125' title='bbox 551 1685 622 1760; x_wconf 93' lang='lat' dir='ltr'>quia</span> <span class='ocrx_word' id='word_1_126' title='bbox 647 1704 681 1741; x_wconf 81' lang='lat' dir='ltr'>ex</span> <span class='ocrx_word' id='word_1_127' title='bbox 704 1685 881 1742; x_wconf 80' lang='lat' dir='ltr'>fortitudine</span> <span class='ocrx_word' id='word_1_128' title='bbox 905 1683 1039 1741; x_wconf 81' lang='lat' dir='ltr'>veritatis</span> <span class='ocrx_word' id='word_1_129' title='bbox 1063 1683 1194 1740; x_wconf 87' lang='lat' dir='ltr'>fatentur</span> 
     </span>
     <span class='ocr_line' id='line_1_19' title="bbox 208 1769 1193 1846; baseline -0.004 -17"><span class='ocrx_word' id='word_1_130' title='bbox 208 1776 289 1846; x_wconf 90' lang='lat' dir='ltr'>quod</span> <span class='ocrx_word' id='word_1_131' title='bbox 315 1773 537 1830; x_wconf 90' lang='lat' dir='ltr'>consonancius</span> <span class='ocrx_word' id='word_1_132' title='bbox 554 1772 713 1846; x_wconf 88' lang='lat' dir='ltr'>scripture,</span> <span class='ocrx_word' id='word_1_133' title='bbox 738 1772 853 1830; x_wconf 90' lang='lat' dir='ltr'>racioni</span> <span class='ocrx_word' id='word_1_134' title='bbox 878 1786 906 1829; x_wconf 91' lang='lat' dir='ltr'>et</span> <span class='ocrx_word' id='word_1_135' title='bbox 929 1770 1029 1829; x_wconf 92' lang='lat' dir='ltr'>sensui</span> <span class='ocrx_word' id='word_1_136' title='bbox 1052 1770 1127 1828; x_wconf 87' lang='lat' dir='ltr'>foret</span> <span class='ocrx_word' id='word_1_137' title='bbox 1150 1769 1193 1825; x_wconf 93' lang='lat' dir='ltr'>di·</span> 
     </span>
     <span class='ocr_line' id='line_1_20' title="bbox 184 1858 1192 1935; baseline -0.004 -19"><span class='ocrx_word' id='word_1_138' title='bbox 184 1874 273 1923; x_wconf 55' lang='lat' dir='ltr'>fficere</span> <span class='ocrx_word' id='word_1_139' title='bbox 307 1863 388 1935; x_wconf 88' lang='lat' dir='ltr'>quod</span> <span class='ocrx_word' id='word_1_140' title='bbox 422 1861 487 1934; x_wconf 88' lang='lat' dir='ltr'>ipsa</span> <span class='ocrx_word' id='word_1_141' title='bbox 520 1859 619 1916; x_wconf 88' lang='lat' dir='ltr'>hostia</span> <span class='ocrx_word' id='word_1_142' title='bbox 652 1861 728 1917; x_wconf 88' lang='lat' dir='ltr'>foret</span> <span class='ocrx_word' id='word_1_143' title='bbox 761 1879 872 1934; x_wconf 89' lang='lat' dir='ltr'>corpus</span> <span class='ocrx_word' id='word_1_144' title='bbox 896 1859 1008 1917; x_wconf 91' lang='lat' dir='ltr'>Christi</span> <span class='ocrx_word' id='word_1_145' title='bbox 1040 1858 1192 1915; x_wconf 88' lang='lat' dir='ltr'>informa</span> 
     </span>
     <span class='ocr_line' id='line_1_21' title="bbox 208 1946 1193 2021; baseline -0.003 -18"><span class='ocrx_word' id='word_1_146' title='bbox 208 1948 293 2020; x_wconf 91' lang='lat' dir='ltr'>panis</span> <span class='ocrx_word' id='word_1_147' title='bbox 318 1961 346 2004; x_wconf 90' lang='lat' dir='ltr'>et</span> <span class='ocrx_word' id='word_1_148' title='bbox 370 1947 412 2004; x_wconf 89' lang='lat' dir='ltr'>sic</span> <span class='ocrx_word' id='word_1_149' title='bbox 436 1948 614 2004; x_wconf 85' lang='lat' dir='ltr'>naturaliter</span> <span class='ocrx_word' id='word_1_150' title='bbox 630 1966 717 2004; x_wconf 85' lang='lat' dir='ltr'>verus</span> <span class='ocrx_word' id='word_1_151' title='bbox 741 1947 837 2021; x_wconf 90' lang='lat' dir='ltr'>panis,</span> <span class='ocrx_word' id='word_1_152' title='bbox 862 1946 964 2004; x_wconf 90' lang='lat' dir='ltr'>sinon</span> <span class='ocrx_word' id='word_1_153' title='bbox 982 1948 1100 2004; x_wconf 90' lang='lat' dir='ltr'>obesset</span> <span class='ocrx_word' id='word_1_154' title='bbox 1123 1962 1193 2001; x_wconf 92' lang='lat' dir='ltr'>auc·</span> 
     </span>
     <span class='ocr_line' id='line_1_22' title="bbox 208 2034 1193 2109; baseline -0.002 -20"><span class='ocrx_word' id='word_1_155' title='bbox 208 2035 313 2091; x_wconf 88' lang='lat' dir='ltr'>toritas</span> <span class='ocrx_word' id='word_1_156' title='bbox 335 2035 423 2091; x_wconf 88' lang='lat' dir='ltr'>huius</span> <span class='ocrx_word' id='word_1_157' title='bbox 447 2054 532 2109; x_wconf 87' lang='lat' dir='ltr'>pape.</span> <span class='ocrx_word' id='word_1_158' title='bbox 560 2036 618 2091; x_wconf 84' lang='lat' dir='ltr'>Sed</span> <span class='ocrx_word' id='word_1_159' title='bbox 642 2035 744 2091; x_wconf 86' lang='lat' dir='ltr'>fideles</span> <span class='ocrx_word' id='word_1_160' title='bbox 769 2037 879 2091; x_wconf 89' lang='lat' dir='ltr'>debent</span> <span class='ocrx_word' id='word_1_161' title='bbox 903 2034 1060 2109; x_wconf 88' lang='lat' dir='ltr'>quodlibet</span> <span class='ocrx_word' id='word_1_162' title='bbox 1084 2035 1193 2089; x_wconf 92' lang='lat' dir='ltr'>horum</span> 
     </span>
     <span class='ocr_line' id='line_1_23' title="bbox 211 2119 1194 2195; baseline -0.001 -20"><span class='ocrx_word' id='word_1_163' title='bbox 211 2122 378 2178; x_wconf 88' lang='lat' dir='ltr'>mediorum</span> <span class='ocrx_word' id='word_1_164' title='bbox 416 2123 508 2179; x_wconf 94' lang='lat' dir='ltr'>trium</span> <span class='ocrx_word' id='word_1_165' title='bbox 539 2140 707 2195; x_wconf 82' lang='lat' dir='ltr'>preponere</span> <span class='ocrx_word' id='word_1_166' title='bbox 737 2121 932 2179; x_wconf 76' lang='lat' dir='ltr'>Antichristo</span> <span class='ocrx_word' id='word_1_167' title='bbox 971 2123 1041 2178; x_wconf 93' lang='lat' dir='ltr'>ldeo</span> <span class='ocrx_word' id='word_1_168' title='bbox 1075 2119 1194 2176; x_wconf 84' lang='lat' dir='ltr'>videtur</span> 
     </span>
     <span class='ocr_line' id='line_1_24' title="bbox 208 2207 1193 2283; baseline 0 -21"><span class='ocrx_word' id='word_1_169' title='bbox 208 2209 364 2282; x_wconf 82' lang='lat' dir='ltr'>probabile</span> <span class='ocrx_word' id='word_1_170' title='bbox 388 2212 470 2283; x_wconf 91' lang='lat' dir='ltr'>quod</span> <span class='ocrx_word' id='word_1_171' title='bbox 494 2228 556 2266; x_wconf 91' lang='lat' dir='ltr'>non</span> <span class='ocrx_word' id='word_1_172' title='bbox 581 2208 636 2265; x_wconf 86' lang='lat' dir='ltr'>erit</span> <span class='ocrx_word' id='word_1_173' title='bbox 661 2228 716 2282; x_wconf 80' lang='lat' dir='ltr'>pax</span> <span class='ocrx_word' id='word_1_174' title='bbox 746 2210 792 2266; x_wconf 85' lang='lat' dir='ltr'>rel</span> <span class='ocrx_word' id='word_1_175' title='bbox 816 2208 1020 2283; x_wconf 86' lang='lat' dir='ltr'>tranquillitas</span> <span class='ocrx_word' id='word_1_176' title='bbox 1044 2207 1076 2264; x_wconf 93' lang='lat' dir='ltr'>in</span> <span class='ocrx_word' id='word_1_177' title='bbox 1099 2207 1193 2263; x_wconf 91' lang='lat' dir='ltr'>eccle-</span> 
     </span>
     <span class='ocr_line' id='line_1_25' title="bbox 117 2292 1194 2375; baseline -0.002 -24"><span class='ocrx_word' id='word_1_178' title='bbox 117 2318 177 2375; x_wconf 71' lang='lat'>427··</span> <span class='ocrx_word' id='word_1_179' title='bbox 206 2295 249 2353; x_wconf 89' lang='lat' dir='ltr'>sia</span> <span class='ocrx_word' id='word_1_180' title='bbox 269 2296 427 2367; x_wconf 87' lang='lat' dir='ltr'>militante,</span> <span class='ocrx_word' id='word_1_181' title='bbox 451 2312 613 2371; x_wconf 88' lang='lat' dir='ltr'>antequam</span> <span class='ocrx_word' id='word_1_182' title='bbox 640 2296 736 2352; x_wconf 90' lang='lat' dir='ltr'>dictus</span> <span class='ocrx_word' id='word_1_183' title='bbox 758 2292 761 2375; x_wconf 71' lang='lat' dir='ltr'>l</span> <span class='ocrx_word' id='word_1_184' title='bbox 782 2295 983 2353; x_wconf 79' lang='lat' dir='ltr'>Antichristus</span> <span class='ocrx_word' id='word_1_185' title='bbox 1007 2294 1097 2351; x_wconf 88' lang='lat' dir='ltr'>fuerit</span> <span class='ocrx_word' id='word_1_186' title='bbox 1121 2292 1194 2350; x_wconf 88' lang='lat' dir='ltr'>effu-</span> 
     </span>
     <span class='ocr_line' id='line_1_26' title="bbox 207 2381 1192 2457; baseline -0.003 -18"><span class='ocrx_word' id='word_1_187' title='bbox 207 2398 302 2456; x_wconf 81' lang='lat' dir='ltr'>gatus.</span> <span class='ocrx_word' id='word_1_188' title='bbox 330 2384 463 2440; x_wconf 81' lang='lat' dir='ltr'>Medium</span> <span class='ocrx_word' id='word_1_189' title='bbox 490 2398 591 2441; x_wconf 89' lang='lat' dir='ltr'>autem</span> <span class='ocrx_word' id='word_1_190' title='bbox 617 2382 802 2457; x_wconf 90' lang='lat' dir='ltr'>empericum</span> <span class='ocrx_word' id='word_1_191' title='bbox 829 2384 905 2440; x_wconf 90' lang='lat' dir='ltr'>foret</span> <span class='ocrx_word' id='word_1_192' title='bbox 930 2382 1070 2439; x_wconf 87' lang='lat' dir='ltr'>fidelibus</span> <span class='ocrx_word' id='word_1_193' title='bbox 1094 2381 1192 2454; x_wconf 91' lang='lat' dir='ltr'>ipsum</span> 
     </span>
     <span class='ocr_line' id='line_1_27' title="bbox 207 2466 1193 2546; baseline -0.002 -21"><span class='ocrx_word' id='word_1_194' title='bbox 207 2490 267 2526; x_wconf 92' lang='lat' dir='ltr'>non</span> <span class='ocrx_word' id='word_1_195' title='bbox 301 2472 438 2545; x_wconf 89' lang='lat' dir='ltr'>accipere</span> <span class='ocrx_word' id='word_1_196' title='bbox 471 2485 617 2546; x_wconf 85' lang='lat' dir='ltr'>tanquam</span> <span class='ocrx_word' id='word_1_197' title='bbox 651 2472 758 2527; x_wconf 89' lang='lat' dir='ltr'>ducem</span> <span class='ocrx_word' id='word_1_198' title='bbox 793 2473 839 2527; x_wconf 76' lang='lat' dir='ltr'>vel</span> <span class='ocrx_word' id='word_1_199' title='bbox 874 2470 991 2527; x_wconf 90' lang='lat' dir='ltr'>socium</span> <span class='ocrx_word' id='word_1_200' title='bbox 1022 2466 1193 2526; x_wconf 88' lang='lat' dir='ltr'>christianis</span> 
     </span>
     <span class='ocr_line' id='line_1_28' title="bbox 208 2553 1193 2632; baseline -0.003 -20"><span class='ocrx_word' id='word_1_201' title='bbox 208 2558 357 2627; x_wconf 78' lang='lat' dir='ltr'>fidelibus,</span> <span class='ocrx_word' id='word_1_202' title='bbox 395 2572 557 2632; x_wconf 86' lang='lat' dir='ltr'>antequam</span> <span class='ocrx_word' id='word_1_203' title='bbox 597 2557 780 2614; x_wconf 84' lang='lat' dir='ltr'>sufficienter</span> <span class='ocrx_word' id='word_1_204' title='bbox 814 2556 1012 2614; x_wconf 83' lang='lat' dir='ltr'>declaraverit</span> <span class='ocrx_word' id='word_1_205' title='bbox 1045 2556 1118 2632; x_wconf 91' lang='lat' dir='ltr'>quid</span> <span class='ocrx_word' id='word_1_206' title='bbox 1156 2553 1193 2610; x_wconf 88' lang='lat' dir='ltr'>sit</span> 
     </span>
     <span class='ocr_line' id='line_1_29' title="bbox 207 2643 1193 2717; baseline -0.003 -18"><span class='ocrx_word' id='word_1_207' title='bbox 207 2644 272 2717; x_wconf 88' lang='lat' dir='ltr'>ipsa</span> <span class='ocrx_word' id='word_1_208' title='bbox 297 2644 395 2702; x_wconf 91' lang='lat' dir='ltr'>hostia</span> <span class='ocrx_word' id='word_1_209' title='bbox 420 2659 605 2702; x_wconf 88' lang='lat' dir='ltr'>consecrata.</span> <span class='ocrx_word' id='word_1_210' title='bbox 632 2648 708 2701; x_wconf 87' lang='lat' dir='ltr'>Nam</span> <span class='ocrx_word' id='word_1_211' title='bbox 733 2645 814 2701; x_wconf 80' lang='lat' dir='ltr'>iuxta</span> <span class='ocrx_word' id='word_1_212' title='bbox 838 2645 918 2702; x_wconf 91' lang='lat' dir='ltr'>dicta</span> <span class='ocrx_word' id='word_1_213' title='bbox 943 2643 985 2701; x_wconf 88' lang='lat' dir='ltr'>sic</span> <span class='ocrx_word' id='word_1_214' title='bbox 1010 2643 1193 2700; x_wconf 86' lang='lat' dir='ltr'>mencientes</span> 
     </span>
     <span class='ocr_line' id='line_1_30' title="bbox 166 2728 1193 2807; baseline -0.003 -20"><span class='ocrx_word' id='word_1_215' title='bbox 166 2746 298 2806; x_wconf 71' lang='lat' dir='ltr'>25super</span> <span class='ocrx_word' id='word_1_216' title='bbox 322 2732 388 2807; x_wconf 88' lang='lat' dir='ltr'>ipsa</span> <span class='ocrx_word' id='word_1_217' title='bbox 413 2733 511 2790; x_wconf 89' lang='lat' dir='ltr'>hostia</span> <span class='ocrx_word' id='word_1_218' title='bbox 527 2732 637 2789; x_wconf 80' lang='lat' dir='ltr'>veritas</span> <span class='ocrx_word' id='word_1_219' title='bbox 661 2751 723 2788; x_wconf 89' lang='lat' dir='ltr'>non</span> <span class='ocrx_word' id='word_1_220' title='bbox 748 2732 878 2790; x_wconf 86' lang='lat' dir='ltr'>exaudit.</span> <span class='ocrx_word' id='word_1_221' title='bbox 904 2735 963 2789; x_wconf 90' lang='lat' dir='ltr'>Nec</span> <span class='ocrx_word' id='word_1_222' title='bbox 987 2732 1066 2787; x_wconf 90' lang='lat' dir='ltr'>valet</span> <span class='ocrx_word' id='word_1_223' title='bbox 1084 2728 1193 2787; x_wconf 85' lang='lat' dir='ltr'>ficticia</span> 
     </span>
     <span class='ocr_line' id='line_1_31' title="bbox 208 2816 1192 2896; baseline -0.004 -21"><span class='ocrx_word' id='word_1_224' title='bbox 208 2820 414 2892; x_wconf 72' lang='lat' dir='ltr'>ypocritarum</span> <span class='ocrx_word' id='word_1_225' title='bbox 433 2820 602 2877; x_wconf 90' lang='lat' dir='ltr'>dicencium</span> <span class='ocrx_word' id='word_1_226' title='bbox 621 2822 703 2896; x_wconf 91' lang='lat' dir='ltr'>quod</span> <span class='ocrx_word' id='word_1_227' title='bbox 720 2839 780 2876; x_wconf 89' lang='lat' dir='ltr'>non</span> <span class='ocrx_word' id='word_1_228' title='bbox 803 2823 930 2877; x_wconf 91' lang='lat' dir='ltr'>adorant</span> <span class='ocrx_word' id='word_1_229' title='bbox 947 2819 1043 2893; x_wconf 89' lang='lat' dir='ltr'>ipsam</span> <span class='ocrx_word' id='word_1_230' title='bbox 1062 2816 1192 2873; x_wconf 89' lang='lat' dir='ltr'>hostiam</span> 
     </span>
     <span class='ocr_line' id='line_1_32' title="bbox 208 2906 1192 2982; baseline -0.003 -21"><span class='ocrx_word' id='word_1_231' title='bbox 208 2908 259 2962; x_wconf 87' lang='lat' dir='ltr'>sed</span> <span class='ocrx_word' id='word_1_232' title='bbox 277 2921 399 2982; x_wconf 91' lang='lat' dir='ltr'>propter</span> <span class='ocrx_word' id='word_1_233' title='bbox 416 2907 690 2964; x_wconf 89' lang='lat' dir='ltr'>concomitanciam</span> <span class='ocrx_word' id='word_1_234' title='bbox 709 2907 845 2981; x_wconf 91' lang='lat' dir='ltr'>corporis</span> <span class='ocrx_word' id='word_1_235' title='bbox 863 2906 985 2964; x_wconf 88' lang='lat' dir='ltr'>Domini</span> <span class='ocrx_word' id='word_1_236' title='bbox 1001 2917 1192 2962; x_wconf 84' lang='lat' dir='ltr'>venerantur.</span> 
     </span>
     <span class='ocr_line' id='line_1_33' title="bbox 208 2991 1193 3069; baseline -0.004 -19"><span class='ocrx_word' id='word_1_237' title='bbox 208 2995 267 3050; x_wconf 89' lang='lat' dir='ltr'>Sed</span> <span class='ocrx_word' id='word_1_238' title='bbox 291 2995 333 3051; x_wconf 88' lang='lat' dir='ltr'>sic</span> <span class='ocrx_word' id='word_1_239' title='bbox 359 2994 507 3052; x_wconf 90' lang='lat' dir='ltr'>hereticus</span> <span class='ocrx_word' id='word_1_240' title='bbox 530 3009 629 3069; x_wconf 90' lang='lat' dir='ltr'>posset</span> <span class='ocrx_word' id='word_1_241' title='bbox 652 2994 764 3068; x_wconf 83' lang='lat' dir='ltr'>lingere</span> <span class='ocrx_word' id='word_1_242' title='bbox 788 2996 868 3068; x_wconf 91' lang='lat' dir='ltr'>quod</span> <span class='ocrx_word' id='word_1_243' title='bbox 886 2993 1033 3067; x_wconf 87' lang='lat' dir='ltr'>quidlibet</span> <span class='ocrx_word' id='word_1_244' title='bbox 1057 2992 1095 3048; x_wconf 89' lang='lat' dir='ltr'>sit</span> <span class='ocrx_word' id='word_1_245' title='bbox 1118 2991 1193 3046; x_wconf 92' lang='lat' dir='ltr'>irra-</span> 
     </span>
     <span class='ocr_line' id='line_1_34' title="bbox 208 3076 1193 3155; baseline -0.006 -18"><span class='ocrx_word' id='word_1_246' title='bbox 208 3081 397 3139; x_wconf 90' lang='lat' dir='ltr'>cionabiliter</span> <span class='ocrx_word' id='word_1_247' title='bbox 431 3085 654 3155; x_wconf 85' lang='lat' dir='ltr'>honorandum,</span> <span class='ocrx_word' id='word_1_248' title='bbox 688 3081 759 3155; x_wconf 91' lang='lat' dir='ltr'>quia</span> <span class='ocrx_word' id='word_1_249' title='bbox 784 3082 905 3154; x_wconf 88' lang='lat' dir='ltr'>palpata</span> <span class='ocrx_word' id='word_1_250' title='bbox 934 3080 1082 3154; x_wconf 88' lang='lat' dir='ltr'>quiditate</span> <span class='ocrx_word' id='word_1_251' title='bbox 1106 3076 1193 3134; x_wconf 89' lang='lat' dir='ltr'>huius</span> 
     </span>
     <span class='ocr_line' id='line_1_35' title="bbox 167 3164 1193 3241; baseline -0.007 -14"><span class='ocrx_word' id='word_1_252' title='bbox 167 3185 198 3233; x_wconf 76' lang='lat'>30</span> <span class='ocrx_word' id='word_1_253' title='bbox 210 3169 305 3224; x_wconf 90' lang='lat' dir='ltr'>hostie</span> <span class='ocrx_word' id='word_1_254' title='bbox 340 3172 507 3225; x_wconf 88' lang='lat' dir='ltr'>secundum</span> <span class='ocrx_word' id='word_1_255' title='bbox 542 3169 614 3225; x_wconf 90' lang='lat' dir='ltr'>istos</span> <span class='ocrx_word' id='word_1_256' title='bbox 648 3168 795 3224; x_wconf 90' lang='lat' dir='ltr'>hereticos</span> <span class='ocrx_word' id='word_1_257' title='bbox 834 3187 894 3224; x_wconf 93' lang='lat' dir='ltr'>non</span> <span class='ocrx_word' id='word_1_258' title='bbox 933 3180 1032 3241; x_wconf 91' lang='lat' dir='ltr'>potest</span> <span class='ocrx_word' id='word_1_259' title='bbox 1066 3183 1129 3222; x_wconf 90' lang='lat' dir='ltr'>esse</span> <span class='ocrx_word' id='word_1_260' title='bbox 1163 3164 1193 3220; x_wconf 92' lang='lat' dir='ltr'>in</span> 
     </span>
     <span class='ocr_line' id='line_1_36' title="bbox 210 3251 1193 3330; baseline -0.003 -20"><span class='ocrx_word' id='word_1_261' title='bbox 210 3258 323 3312; x_wconf 89' lang='lat' dir='ltr'>mundo</span> <span class='ocrx_word' id='word_1_262' title='bbox 347 3256 462 3330; x_wconf 91' lang='lat' dir='ltr'>aliquid</span> <span class='ocrx_word' id='word_1_263' title='bbox 499 3257 599 3312; x_wconf 91' lang='lat' dir='ltr'>minus</span> <span class='ocrx_word' id='word_1_264' title='bbox 624 3254 800 3312; x_wconf 90' lang='lat' dir='ltr'>honorabile</span> <span class='ocrx_word' id='word_1_265' title='bbox 824 3274 915 3329; x_wconf 88' lang='lat' dir='ltr'>quam</span> <span class='ocrx_word' id='word_1_266' title='bbox 941 3268 984 3311; x_wconf 91' lang='lat' dir='ltr'>est</span> <span class='ocrx_word' id='word_1_267' title='bbox 1008 3254 1083 3328; x_wconf 87' lang='lat' dir='ltr'>ipsa,</span> <span class='ocrx_word' id='word_1_268' title='bbox 1122 3251 1193 3327; x_wconf 92' lang='lat' dir='ltr'>quia</span> 
     </span>
     <span class='ocr_line' id='line_1_37' title="bbox 209 3338 1193 3417; baseline -0.003 -20"><span class='ocrx_word' id='word_1_269' title='bbox 209 3343 331 3399; x_wconf 91' lang='lat' dir='ltr'>indubie</span> <span class='ocrx_word' id='word_1_270' title='bbox 354 3343 378 3399; x_wconf 89' lang='lat' dir='ltr'>si</span> <span class='ocrx_word' id='word_1_271' title='bbox 403 3343 468 3417; x_wconf 87' lang='lat' dir='ltr'>ipsa</span> <span class='ocrx_word' id='word_1_272' title='bbox 493 3345 659 3399; x_wconf 89' lang='lat' dir='ltr'>secundum</span> <span class='ocrx_word' id='word_1_273' title='bbox 684 3341 862 3416; x_wconf 89' lang='lat' dir='ltr'>opinionem</span> <span class='ocrx_word' id='word_1_274' title='bbox 888 3361 992 3399; x_wconf 89' lang='lat' dir='ltr'>eorum</span> <span class='ocrx_word' id='word_1_275' title='bbox 1017 3341 1055 3397; x_wconf 91' lang='lat' dir='ltr'>sit</span> <span class='ocrx_word' id='word_1_276' title='bbox 1078 3338 1193 3412; x_wconf 89' lang='lat' dir='ltr'>aliquid</span> 
     </span>
     <span class='ocr_line' id='line_1_38' title="bbox 208 3425 1192 3503; baseline -0.004 -18"><span class='ocrx_word' id='word_1_277' title='bbox 208 3443 251 3486; x_wconf 88' lang='lat' dir='ltr'>est</span> <span class='ocrx_word' id='word_1_278' title='bbox 276 3430 418 3488; x_wconf 89' lang='lat' dir='ltr'>chimera.</span> <span class='ocrx_word' id='word_1_279' title='bbox 459 3431 534 3486; x_wconf 92' lang='lat' dir='ltr'>Cum</span> <span class='ocrx_word' id='word_1_280' title='bbox 569 3448 640 3503; x_wconf 83' lang='lat' dir='ltr'>ergo</span> <span class='ocrx_word' id='word_1_281' title='bbox 661 3429 800 3486; x_wconf 61' lang='lat' dir='ltr'>&#39;ecclesia</span> <span class='ocrx_word' id='word_1_282' title='bbox 828 3432 936 3486; x_wconf 92' lang='lat' dir='ltr'>adorat</span> <span class='ocrx_word' id='word_1_283' title='bbox 960 3431 1038 3485; x_wconf 90' lang='lat' dir='ltr'>hanc</span> <span class='ocrx_word' id='word_1_284' title='bbox 1062 3425 1192 3483; x_wconf 90' lang='lat' dir='ltr'>hostiam</span> 
     </span>
     <span class='ocr_line' id='line_1_39' title="bbox 208 3512 1194 3590; baseline -0.005 -18"><span class='ocrx_word' id='word_1_285' title='bbox 208 3532 415 3574; x_wconf 88' lang='lat' dir='ltr'>consecratam</span> <span class='ocrx_word' id='word_1_286' title='bbox 449 3531 478 3574; x_wconf 92' lang='lat' dir='ltr'>et</span> <span class='ocrx_word' id='word_1_287' title='bbox 510 3519 677 3574; x_wconf 89' lang='lat' dir='ltr'>secundum</span> <span class='ocrx_word' id='word_1_288' title='bbox 717 3516 891 3590; x_wconf 87' lang='lat' dir='ltr'>opinionem</span> <span class='ocrx_word' id='word_1_289' title='bbox 928 3514 1131 3572; x_wconf 89' lang='lat' dir='ltr'>hereticorum</span> <span class='ocrx_word' id='word_1_290' title='bbox 1157 3512 1194 3568; x_wconf 86' lang='lat' dir='ltr'>sit</span> 
     </span>
     <span class='ocr_line' id='line_1_40' title="bbox 167 3602 1193 3678; baseline -0.005 -18"><span class='ocrx_word' id='word_1_291' title='bbox 167 3617 196 3666; x_wconf 74' lang='lat'>35</span> <span class='ocrx_word' id='word_1_292' title='bbox 209 3618 269 3660; x_wconf 90' lang='lat' dir='ltr'>tam</span> <span class='ocrx_word' id='word_1_293' title='bbox 295 3605 401 3661; x_wconf 87' lang='lat' dir='ltr'>debilis</span> <span class='ocrx_word' id='word_1_294' title='bbox 419 3604 563 3669; x_wconf 81' lang='lat' dir='ltr'>entitatis·‚</span> <span class='ocrx_word' id='word_1_295' title='bbox 588 3603 706 3660; x_wconf 87' lang='lat' dir='ltr'>videtur</span> <span class='ocrx_word' id='word_1_296' title='bbox 722 3606 804 3678; x_wconf 92' lang='lat' dir='ltr'>quod</span> <span class='ocrx_word' id='word_1_297' title='bbox 828 3603 886 3660; x_wconf 89' lang='lat' dir='ltr'>sint</span> <span class='ocrx_word' id='word_1_298' title='bbox 904 3602 1034 3659; x_wconf 85' lang='lat' dir='ltr'>maxime</span> <span class='ocrx_word' id='word_1_299' title='bbox 1057 3602 1193 3675; x_wconf 84' lang='lat' dir='ltr'>ydolatre</span> 
     </span>
     <span class='ocr_line' id='line_1_41' title="bbox 208 3686 1192 3765; baseline -0.004 -20"><span class='ocrx_word' id='word_1_300' title='bbox 208 3691 260 3765; x_wconf 94' lang='lat' dir='ltr'>qui</span> <span class='ocrx_word' id='word_1_301' title='bbox 284 3692 415 3748; x_wconf 88' lang='lat' dir='ltr'>fuerunt.</span> <span class='ocrx_word' id='word_1_302' title='bbox 451 3694 528 3748; x_wconf 90' lang='lat' dir='ltr'>Nam</span> <span class='ocrx_word' id='word_1_303' title='bbox 562 3694 648 3750; x_wconf 86' lang='lat' dir='ltr'>Rom.</span> <span class='ocrx_word' id='word_1_304' title='bbox 674 3694 682 3746; x_wconf 92' lang='lat' dir='ltr'>l</span> <span class='ocrx_word' id='word_1_305' title='bbox 710 3692 819 3748; x_wconf 86' lang='lat' dir='ltr'>Paulus</span> <span class='ocrx_word' id='word_1_306' title='bbox 853 3704 937 3747; x_wconf 89' lang='lat' dir='ltr'>notat</span> <span class='ocrx_word' id='word_1_307' title='bbox 966 3689 1119 3763; x_wconf 85' lang='lat' dir='ltr'>ydolatras</span> <span class='ocrx_word' id='word_1_308' title='bbox 1143 3686 1192 3761; x_wconf 92' lang='lat' dir='ltr'>qui</span> 
     </span>
     <span class='ocr_line' id='line_1_42' title="bbox 210 3774 1193 3851; baseline -0.005 -17"><span class='ocrx_word' id='word_1_309' title='bbox 210 3791 401 3834; x_wconf 82' lang='lat' dir='ltr'>mutaverunt</span> <span class='ocrx_word' id='word_1_310' title='bbox 421 3778 550 3851; x_wconf 80' lang='lat' dir='ltr'>gloriam</span> <span class='ocrx_word' id='word_1_311' title='bbox 578 3778 816 3851; x_wconf 89' lang='lat' dir='ltr'>incorruptibilis</span> <span class='ocrx_word' id='word_1_312' title='bbox 839 3778 892 3834; x_wconf 88' lang='lat' dir='ltr'>Dei</span> <span class='ocrx_word' id='word_1_313' title='bbox 917 3777 946 3833; x_wconf 90' lang='lat' dir='ltr'>in</span> <span class='ocrx_word' id='word_1_314' title='bbox 963 3774 1193 3833; x_wconf 90' lang='lat' dir='ltr'>similitudinem</span> 
     </span>
     <span class='ocr_line' id='line_1_43' title="bbox 209 3864 1193 3939; baseline -0.005 -17"><span class='ocrx_word' id='word_1_315' title='bbox 209 3866 356 3939; x_wconf 80' lang='lat' dir='ltr'>ymaginis</span> <span class='ocrx_word' id='word_1_316' title='bbox 381 3865 586 3939; x_wconf 88' lang='lat' dir='ltr'>corruptibilis</span> <span class='ocrx_word' id='word_1_317' title='bbox 616 3865 746 3922; x_wconf 92' lang='lat' dir='ltr'>hominis</span> <span class='ocrx_word' id='word_1_318' title='bbox 774 3879 802 3921; x_wconf 91' lang='lat' dir='ltr'>et</span> <span class='ocrx_word' id='word_1_319' title='bbox 826 3866 981 3922; x_wconf 72' lang='lat' dir='ltr'>volucrum</span> <span class='ocrx_word' id='word_1_320' title='bbox 1007 3877 1036 3920; x_wconf 95' lang='lat' dir='ltr'>et</span> <span class='ocrx_word' id='word_1_321' title='bbox 1059 3864 1193 3937; x_wconf 88' lang='lat' dir='ltr'>quadru-</span> 
     </span>
     <span class='ocr_line' id='line_1_44' title="bbox 209 3951 1193 4028; baseline -0.004 -20"><span class='ocrx_word' id='word_1_322' title='bbox 209 3955 320 4027; x_wconf 90' lang='lat' dir='ltr'>pedum</span> <span class='ocrx_word' id='word_1_323' title='bbox 359 3966 387 4009; x_wconf 91' lang='lat' dir='ltr'>et</span> <span class='ocrx_word' id='word_1_324' title='bbox 410 3967 597 4028; x_wconf 87' lang='lat' dir='ltr'>serpentum.</span> <span class='ocrx_word' id='word_1_325' title='bbox 630 3954 688 4009; x_wconf 89' lang='lat' dir='ltr'>Sed</span> <span class='ocrx_word' id='word_1_326' title='bbox 721 3954 885 4009; x_wconf 87' lang='lat' dir='ltr'>secundum</span> <span class='ocrx_word' id='word_1_327' title='bbox 920 3951 1094 4026; x_wconf 89' lang='lat' dir='ltr'>opinionem</span> <span class='ocrx_word' id='word_1_328' title='bbox 1125 3968 1193 4023; x_wconf 93' lang='lat' dir='ltr'>pro-</span> 
     </span>
     <span class='ocr_line' id='line_1_45' title="bbox 167 4035 1194 4115; baseline -0.004 -19"><span class='ocrx_word' id='word_1_329' title='bbox 167 4070 199 4115; x_wconf 84' lang='lat'>40</span> <span class='ocrx_word' id='word_1_330' title='bbox 210 4040 307 4114; x_wconf 87' lang='lat' dir='ltr'>priam</span> <span class='ocrx_word' id='word_1_331' title='bbox 333 4040 534 4097; x_wconf 89' lang='lat' dir='ltr'>hereticorum</span> <span class='ocrx_word' id='word_1_332' title='bbox 560 4039 658 4097; x_wconf 87' lang='lat' dir='ltr'>hostia</span> <span class='ocrx_word' id='word_1_333' title='bbox 680 4052 856 4096; x_wconf 88' lang='lat' dir='ltr'>consecrata</span> <span class='ocrx_word' id='word_1_334' title='bbox 873 4052 916 4095; x_wconf 89' lang='lat' dir='ltr'>est</span> <span class='ocrx_word' id='word_1_335' title='bbox 932 4039 1021 4113; x_wconf 84' lang='lat' dir='ltr'>longe</span> <span class='ocrx_word' id='word_1_336' title='bbox 1044 4035 1194 4094; x_wconf 87' lang='lat' dir='ltr'>abieccior</span> 
     </span>
    </p>

    <p class='ocr_par' dir='ltr' id='par_1_12' title="bbox 210 4126 710 4202">
     <span class='ocr_line' id='line_1_46' title="bbox 210 4126 710 4202; baseline 0 -18"><span class='ocrx_word' id='word_1_337' title='bbox 210 4146 301 4202; x_wconf 92' lang='lat' dir='ltr'>quam</span> <span class='ocrx_word' id='word_1_338' title='bbox 326 4126 451 4202; x_wconf 89' lang='lat' dir='ltr'>aliquod</span> <span class='ocrx_word' id='word_1_339' title='bbox 475 4129 584 4184; x_wconf 92' lang='lat' dir='ltr'>horum</span> <span class='ocrx_word' id='word_1_340' title='bbox 608 4127 710 4184; x_wconf 91' lang='lat' dir='ltr'>trium.</span> 
     </span>
    </p>
   </div>
   <div class='ocr_carea' id='block_1_10' title="bbox 210 4326 1193 4478">
    <p class='ocr_par' dir='ltr' id='par_1_13' title="bbox 210 4326 1193 4478">
     <span class='ocr_line' id='line_1_47' title="bbox 263 4326 1193 4383; baseline -0.006 -10"><span class='ocrx_word' id='word_1_341' title='bbox 263 4332 494 4383; x_wconf 72' lang='lat' dir='ltr'>t.Ainmarg.:4.</span> <span class='ocrx_word' id='word_1_342' title='bbox 562 4328 797 4383; x_wconf 76' lang='lat' dir='ltr'>§.niumarg.:5.</span> <span class='ocrx_word' id='word_1_343' title='bbox 865 4326 1193 4379; x_wconf 76' lang='lat' dir='ltr'>9.Ainmar.:6‚·ib.B:</span> 
     </span>
     <span class='ocr_line' id='line_1_48' title="bbox 210 4379 1155 4436; baseline -0.005 -11"><span class='ocrx_word' id='word_1_344' title='bbox 210 4382 272 4435; x_wconf 73' lang='lat' dir='ltr'>quod</span> <span class='ocrx_word' id='word_1_345' title='bbox 285 4383 356 4425; x_wconf 85' lang='lat' dir='ltr'>deest.</span> <span class='ocrx_word' id='word_1_346' title='bbox 425 4394 457 4436; x_wconf 80' lang='lat'>19.</span> <span class='ocrx_word' id='word_1_347' title='bbox 472 4385 505 4426; x_wconf 80' lang='lat' dir='ltr'>A:</span> <span class='ocrx_word' id='word_1_348' title='bbox 522 4383 670 4436; x_wconf 67' lang='lat' dir='ltr'>tranquiltat.</span> <span class='ocrx_word' id='word_1_349' title='bbox 738 4393 770 4423; x_wconf 80' lang='lat' dir='ltr'>aa.</span> <span class='ocrx_word' id='word_1_350' title='bbox 786 4383 807 4423; x_wconf 81' lang='grc' dir='ltr'>Α</span> <span class='ocrx_word' id='word_1_351' title='bbox 823 4382 845 4423; x_wconf 87' lang='lat' dir='ltr'>in</span> <span class='ocrx_word' id='word_1_352' title='bbox 863 4392 949 4434; x_wconf 58' lang='lat' dir='ltr'>marg:</span> <span class='ocrx_word' id='word_1_353' title='bbox 968 4379 1001 4422; x_wconf 81' lang='lat' dir='ltr'>De</span> <span class='ocrx_word' id='word_1_354' title='bbox 1036 4380 1155 4423; x_wconf 77' lang='lat' dir='ltr'>acarirtr&#39;a.</span> 
     </span>
     <span class='ocr_line' id='line_1_49' title="bbox 211 4433 548 4478; baseline -0.003 -1"><span class='ocrx_word' id='word_1_355' title='bbox 211 4438 243 4477; x_wconf 63' lang='lat' dir='ltr'>all.</span> <span class='ocrx_word' id='word_1_356' title='bbox 260 4433 350 4477; x_wconf 72' lang='lat' dir='ltr'>Cotta:</span> <span class='ocrx_word' id='word_1_357' title='bbox 366 4434 548 4478; x_wconf 72' lang='lat' dir='ltr'>declaraverint.</span> 
     </span>
    </p>
   </div>
   <div class='ocr_carea' id='block_1_11' title="bbox 0 0 1554 5130">
    <p class='ocr_par' dir='ltr' id='par_1_14' title="bbox 0 0 1554 5130">
     <span class='ocr_line' id='line_1_50' title="bbox 0 0 1554 5130; baseline 0 0"><span class='ocrx_word' id='word_1_358' title='bbox 0 0 1554 5130; x_wconf 95' lang='lat' dir='ltr'> </span> 
     </span>
    </p>
   </div>
  </div>
 </body>
</html>
