3030 5130
582 462 672 513 oeus
692 461 943 513 erssuemcun
965 462 1027 512 rsa
1048 461 1089 511 m.
1201 439 1288 524 [cae.
1305 454 1341 501 x·

342 626 437 681 Iteum
471 622 579 682 Israel.
612 624 660 680 Sic
684 624 837 681 decretiste
863 624 912 698 qui
935 623 1067 679 Israelita
1088 634 1155 678 sunt
1186 622 1214 677 in
1244 634 1343 697 parte

341 712 438 788 quoad
460 711 541 767 illam
565 722 682 786 partem
713 712 835 768 sciencie
865 729 950 786 quam
975 730 992 767 a
1018 711 1084 788 Iege
1109 708 1229 766 Domini
1250 727 1340 766 acce·

337 811 448 875 perurit
478 811 505 855 et
538 798 672 877 Egypcii
701 799 798 875 quoad
829 798 910 853 illam
942 809 1058 874 partem
1112 815 1197 872 quam
1228 796 1342 853 habent

342 906 359 942 a
390 886 535 963 sapiencia
571 887 728 957 rrrrmdana,
761 886 963 962 blasphemant
996 885 1091 941 Deum
1121 884 1225 955 Israel,
1264 885 1341 939 dum

343 975 438 1051 Iegem
463 992 548 1049 qnam
583 973 644 1048 ipse
676 973 765 1043 dedit,
795 973 913 1048 paleam
949 984 1051 1029 uocant
1084 972 1167 1046 quasi
1193 970 1372 1043 inutilem,5

343 1080 407 1117 cum
441 1073 536 1117 tamen
568 1062 688 1137 legatur
721 1060 794 1117 Isaie
823 1060 961 1131 XLVIII,
986 1074 1038 1135 17.-
1071 1059 1140 1138 Ego
1164 1060 1244 1115 Deus
1268 1069 1343 1114 tuus

344 1150 449 1206 docens
480 1159 508 1204 te
539 1148 638 1215 utilia,·
675 1148 759 1222 quasi
791 1148 893 1223 pocius
922 1148 1008 1223 palee
1045 1159 1122 1218 sunt,
1160 1147 1197 1203 de
1233 1145 1342 1221 quibus

344 1235 471 1292 Matthei
494 1235 546 1304 III,
571 1249 620 1290 12:
644 1235 750 1291 Paleas
773 1246 867 1290 autem
892 1235 1041 1291 comburet
1065 1235 1133 1314 igne
1155 1233 1340 1312 inextingui-

344 1324 410 1392 bili‚·
443 1333 469 1378 et
492 1321 688 1398 Augustinus:
720 1323 753 1377 Si
771 1322 876 1396 paleas
906 1322 1045 1399 sequeris,
1076 1323 1164 1398 palea
1187 1320 1342 1399 efficieris.

345 1414 383 1467 Et
407 1408 562 1466 concludit
579 1408 754 1465 Parisiensis
778 1411 860 1483 quod
877 1410 999 1466 sciencia
1017 1410 1201 1466 decretorum
1221 1407 1343 1465 mobilis
1359 1424 1393 1459 ro

345 1509 398 1567 est,
423 1509 552 1567 terrena,
574 1497 763 1563 tunndtuosa,
787 1496 918 1574 inflatiua
942 1508 969 1552 et
991 1498 1098 1572 absque
1121 1495 1285 1571 refercioue
1308 1508 1343 1553 et

347 1586 481 1642 declarat
506 1584 650 1640 membra.

162 1675 182 1722 3.
197 1675 298 1719 Pr²¹²1⁰⁸
390 1671 500 1729 Tercio
539 1669 748 1745 principaliter
785 1682 868 1745 patet
906 1671 989 1744 quod
1032 1669 1170 1727 moderni
1216 1682 1343 1744 satrape

130 1726 332 1824 pxiiiiciiiicriiiiee
349 1760 495 1816 claudunt
530 1759 588 1814 hoc
621 1776 745 1831 regnum
780 1758 913 1814 celorum
947 1776 1001 1832 per
1029 1758 1087 1814 hoc
1109 1759 1191 1833 quod
1214 1774 1340 1813 sensum

150 1830 324 1939 “ggffiffir‘ef'f
350 1846 439 1902 huius
471 1844 619 1919 scripture
652 1858 681 1901 et
716 1845 900 1919 professores
934 1844 998 1901 eius
1031 1843 1239 1920 multipliciter
1270 1862 1343 1918 per·
1359 1846 1392 1897 15

351 1946 530 2008 sequuntur,
554 1944 588 1989 ut
612 1931 653 1988 hii
678 1931 782 1989 dicunt
806 1932 836 1989 in
860 1931 948 1989 scolis
972 1934 1053 2007 quod
1078 1933 1226 2007 scriptura
1250 1948 1342 1988 sacra

351 2034 395 2078 est
418 2019 595 2091 falsissima3
620 2021 671 2076 sed
695 2032 816 2093 oportet
839 2019 903 2076 eius
931 2037 1051 2076 sensum
1077 2038 1131 2094 per
1153 2037 1239 2076 suam
1262 2017 1342 2093 logi-

352 2126 418 2166 cam
443 2105 595 2181 coaptari3
628 2121 656 2164 et
689 2106 731 2163 sic
764 2106 842 2181 perit
873 2107 1022 2181 scripture
1054 2125 1139 2164 sacre
1162 2105 1342 2176 auctoritas,

351 2209 384 2252 ut
407 2208 490 2269 patet
515 2192 685 2269 specialiter
709 2197 746 2251 de
762 2192 910 2268 quiditate
928 2193 1024 2251 hostie
1041 2207 1225 2251 consecrate.
1251 2194 1342 2250 Unde

352 2284 419 2358 plus
443 2284 570 2339 credunt
594 2281 781 2356 esposicioni
804 2280 951 2338 lohannis
985 2283 1021 2337 de
1045 2285 1108 2339 Deo
1132 2281 1183 2355 qui
1208 2279 1343 2337 heretice
1356 2297 1395 2333 πο

352 2370 443 2426 sensit
477 2371 559 2444 quod
592 2368 685 2426 nichil
718 2371 943 2426 demonstratur
971 2369 1029 2425 hoc
1053 2367 1248 2443 pronomine:
1272 2368 1344 2424 Hoc

353 2468 394 2513 est
418 2475 525 2532 corpus
548 2476 653 2526 arreum,
679 2469 708 2512 et
725 2458 969 2530 quandocunque
993 2455 1143 2531 scriptura
1160 2455 1233 2513 dicit
1255 2453 1341 2512 illam

353 2543 482 2601 hostiam
522 2562 586 2601 esse
614 2562 731 2619 partem,
769 2556 803 2599 ut
837 2545 933 2600 leucas
952 2562 1060 2619 partem
1099 2544 1273 2601 cotidianum
1313 2556 1344 2599 et

352 2632 516 2706 Apostolus
548 2650 653 2707 partem
688 2648 769 2705 quem
790 2631 979 2707 frangimus,
1012 2632 1069 2688 hoc
1094 2643 1147 2701 est,
1172 2642 1205 2687 ut
1228 2631 1345 2703 glossat

354 2718 514 2791 hereticus,
538 2717 678 2776 accidens
703 2717 766 2774 sine
790 2717 925 2774 subiecto
950 2720 1032 2792 quod
1056 2737 1117 2775 non
1143 2717 1254 2792 poterit
1277 2704 1394 2779 esse25

353 2806 449 2881 panis.

396 2893 486 2950 Tales
510 2905 579 2949 sunt
603 2893 697 2949 multe
720 2893 817 2966 glosse
842 2891 983 2963 heretice,
1018 2892 1087 2949 fidei
1115 2890 1263 2966 scripture
1287 2889 1345 2948 im·

355 2980 462 3055 posite,
496 2994 528 3036 ut
561 2993 645 3054 patet
677 2979 809 3037 studenti
845 2979 875 3035 in
908 2979 1023 3053 legibus
1056 2978 1243 3037 Antichristi.
1281 2980 1346 3037 Nec

356 3069 454 3124 solum
488 3067 543 3124 iste
576 3068 655 3140 leges
687 3067 825 3124 inficiunt
859 3069 937 3125 hanc
970 3066 1163 3141 scripturam,
1187 3069 1238 3125 sed
1263 3066 1347 3141 leges

356 3154 471 3223 civiles,
495 3156 574 3227 leges
599 3173 771 3227 regnorum,
793 3154 891 3228 logica
915 3170 943 3211 et
966 3154 1095 3211 sciencie
1120 3152 1348 3224 mathematice,
1360 3168 1399 3216 30

356 3244 428 3298 dum
453 3243 629 3312 abutuntur,
663 3261 722 3298 non
748 3244 786 3298 ad
816 3244 961 3298 honorem
992 3241 1080 3298 huius
1108 3241 1223 3298 domini
1248 3241 1349 3315 appli-

357 3343 433 3386 cate.
462 3332 498 3384 lit
522 3329 628 3385 iratres
651 3328 703 3403 qui
727 3342 795 3385 sunt
819 3331 915 3386 cauda
950 3328 1036 3385 huius
1061 3328 1167 3402 capitis
1191 3329 1350 3387 desumant

359 3417 471 3485 lideles,
496 3430 630 3472 tenentes
654 3416 838 3473 sentenciam
863 3416 951 3472 huius
976 3416 1057 3489 regni
1082 3430 1236 3490 tarnquam
1262 3417 1351 3473 here-

358 3503 444 3568 ticos,
469 3516 497 3559 et
521 3518 740 3577 consequenter
764 3503 963 3560 citacionihus
982 3503 1093 3559 frivolis
1118 3518 1146 3559 et
1163 3502 1228 3559 aliis
1245 3522 1350 3576 perse-

359 3590 535 3647 cucionibus
559 3591 692 3647 subdolis
716 3606 861 3665 quantum
887 3590 1041 3647 sufficiunt
1064 3591 1249 3664 professores
1273 3589 1399 3655 ist0s35

361 3677 568 3753 multipliciter
592 3678 800 3752 insequuntur.

404 3768 464 3821 Nec
488 3779 533 3821 est
556 3766 658 3840 lingua
682 3767 726 3821 sel
761 3780 880 3838 tempus
904 3764 1056 3821 sussiciens
1079 3783 1203 3822 narrare
1227 3765 1352 3823 hereses

360 3872 419 3926 que
443 3853 684 3925 germinaverant
718 3855 754 3908 de
788 3852 844 3907 hiis
876 3851 975 3909 sectis.
1010 3866 1040 3907 ut
1070 3865 1181 3909 sectam
1207 3870 1293 3909 suant
1319 3868 1352 3911 et

413 4153 436 4191 4.
452 4143 486 4184 A:
501 4141 653 4194 blasphemat.
728 4141 757 4183 1¹³.
772 4143 792 4183 A
809 4142 831 4184 in
844 4153 931 4195 marga
946 4155 971 4194 3.
1049 4154 1082 4184 aa.
1097 4147 1120 4184 et
1133 4144 1354 4199 quomodocunque.

362 4198 396 4237 28.
412 4196 446 4237 h:
461 4199 486 4236 ul
496 4198 563 4248 paret
576 4194 647 4236 deest.

420 4337 457 4386 tq.
478 4320 517 4369 Cl'.
536 4320 560 4368 Τ
562 4320 700 4383 rialognun
719 4336 778 4384 pag.
808 4322 866 4379 251,
887 4321 945 4383 264.
1091 4324 1130 4373 2‘2'.
1153 4323 1238 4370 leucae
1258 4321 1301 4383 Xl,
1322 4326 1353 4385 33

364 4391 382 4439 l.
401 4392 460 4441 Cor.
480 4392 511 4443 X,
535 4388 571 4437 ni.
