3098 5130
152 471 207 528 180
606 479 695 528 OPUS
713 479 966 529 EVANGEIlCUM
986 480 1050 529 LlB.
1071 481 1111 530 lll.
1172 461 1253 545 [(ῙΑΡ·
1271 476 1352 521 XLIX·

365 654 422 698 stet
444 641 475 697 in
504 638 587 697 omni
613 637 692 695 circa
716 637 838 712 regione
869 638 1077 711 probabiliter,
1113 638 1229 697 mistice
1254 653 1352 714 potest

147 723 278 820 afflhlffi
280 723 354 818 93330
365 726 491 801 intelligi
515 729 596 801 quod
621 725 724 783 fideles
747 738 775 781 et
798 724 970 800 specialiter
993 725 1094 783 clerici
1119 726 1149 783 in
1173 725 1230 784 ista
1252 746 1352 801 perse-

332 777 354 830 Ρ)

184 841 222 871 are
238 835 276 870 nor
292 834 315 870 to
366 833 492 874 cucrone
514 812 689 871 Antichristi
723 814 838 869 salvent
870 831 901 869 se
925 812 1006 888 ipsos
1038 812 1069 869 in
1094 827 1196 871 monte
1221 813 1352 885 Christo,

150 880 353 986 {sssseoffssflss'pgssl
365 902 417 979 qui
440 902 471 959 in
496 900 570 958 lsaia
595 899 705 957 dicitur
721 918 807 956 mons
832 917 941 974 parvus
957 901 1089 957 elevatus
1106 919 1196 976 super
1211 901 1352 959 virtutem

187 980 224 1028 ‘le
239 986 309 1039 rope.
366 989 530 1060 moncium,
566 986 649 1044 etin
682 986 745 1044 eius
772 987 837 1061 lege
863 1005 922 1062 que
952 1001 996 1044 est
1029 986 1101 1044 fides
1129 987 1287 1063 scripture.
1316 992 1379 1045 EtS

366 1077 444 1134 istud
469 1075 588 1131 videtur
611 1092 675 1131 esse
691 1073 898 1130 sacerdotibus
921 1093 1030 1131 vanum
1049 1074 1219 1146 consilium,
1243 1088 1276 1132 ut
1292 1095 1353 1134 non

366 1182 433 1221 cum
459 1161 522 1218 istis
546 1160 632 1236 papis
656 1174 708 1218 aut
732 1160 793 1217 suis
817 1161 1017 1236 complicibus
1041 1160 1229 1220 intricentur.

410 1251 551 1307 Secundo
568 1266 638 1305 vero
663 1248 813 1305 seculares
829 1247 945 1305 domini
970 1249 1098 1324 quisunt
1121 1251 1149 1305 in
1166 1260 1240 1306 tecto
1265 1249 1354 1306 huius

366 1335 522 1412 regiminis
538 1354 593 1392 non
610 1336 786 1392 descendant
802 1336 840 1391 ad
857 1335 1017 1409 perfidiam
1035 1336 1212 1393 Antichristi
1229 1350 1355 1412 propter

366 1443 449 1500 spem
474 1422 652 1497 temporalis
676 1421 761 1498 lucri,
795 1424 875 1496 quod
909 1436 1049 1497 reputant
1087 1441 1119 1480 se
1142 1437 1297 1498 reportare
1321 1442 1400 1481 exto

367 1529 513 1570 consensu
538 1523 568 1567 et
592 1508 743 1566 adiutorio
770 1508 857 1565 huius
882 1510 997 1582 refuge;
1021 1528 1077 1566 nec
1100 1509 1227 1568 timeant
1258 1511 1355 1569 minas

366 1617 418 1656 sue
436 1595 771 1666 excommunicacionis,
795 1614 847 1652 sue
864 1595 996 1653 cruciate
1019 1597 1064 1653 vel
1082 1615 1216 1655 censure
1231 1598 1355 1655 alterius

369 1684 550 1753 machinate,
575 1683 646 1759 quia
662 1682 755 1739 timor
771 1683 839 1739 talis
860 1681 974 1739 servilis
991 1682 1140 1757 ingereret
1164 1684 1261 1743 maius
1278 1685 1356 1761 peri·

368 1773 479 1829 culum.
525 1772 587 1826 Nec
625 1769 731 1826 dubito
768 1769 841 1844 quin
879 1769 1065 1827 confidentes
1107 1772 1138 1827 in
1170 1772 1222 1829 tali
1248 1774 1356 1830 baculo

368 1857 537 1916 arundineo
582 1855 760 1914 Antichristi
799 1857 896 1914 forent
936 1875 968 1913 ex
1012 1860 1068 1914 hoc
1101 1877 1117 1915 a
1156 1859 1400 1934 prosperitatem

368 1945 460 2004 seculi
494 1943 624 2018 amplius
657 1944 840 2017 prolongati.
880 1945 950 2000 ldeo
987 1946 1097 2002 debent
1121 1945 1223 2003 fideles
1256 1947 1357 2021 lugere

368 2031 543 2109 aquolibet
568 2030 619 2088 tali
652 2048 741 2105 papa,
774 2030 831 2087 nisi
866 2030 942 2088 sorte
971 2047 1153 2089 moneantur
1185 2037 1290 2091 aDeo
1318 2035 1357 2091 ad

369 2122 504 2177 modeste
527 2120 565 2175 ab
589 2136 625 2175 eo
649 2119 816 2192 temporale
839 2117 1015 2193 suffragium
1040 2121 1288 2178 subtrahendum.
1321 2123 1358 2176 Et

369 2208 424 2264 ista
449 2204 583 2264 caritatis
600 2204 771 2262 intencione
796 2218 828 2262 ut
851 2205 897 2262 vel
921 2199 1115 2262 convertatur
1135 2202 1176 2264 'ad
1193 2207 1356 2266 Dominum

367 2295 414 2352 vel
439 2293 539 2350 minus
563 2292 762 2367 profundetur
791 2292 820 2348 in
845 2291 970 2349 crimine
1002 2295 1048 2350 vel
1072 2307 1104 2350 ut
1128 2293 1228 2351 minus
1251 2309 1403 2352 noceatro

370 2381 457 2439 matri
474 2394 591 2449 uostre3
615 2378 645 2436 in
669 2379 786 2436 cunctis
802 2392 902 2436 autem
920 2380 1031 2436 talibus
1057 2381 1174 2437 casibus
1188 2401 1249 2438 non
1271 2381 1359 2439 video

369 2470 535 2526 secundum
568 2468 662 2541 legem
696 2460 750 2523 llei
778 2467 934 2541 quomodo
966 2467 1204 2525 amilitantibus
1235 2469 1274 2525 ad
1302 2471 1360 2527 hoc

370 2555 588 2614 revelacionem
613 2572 674 2610 non
698 2553 877 2610 habentibus
900 2552 969 2610 talis
993 2555 1095 2628 refuga
1118 2556 1285 2613 occidatur.

171 2651 351 2714 Tne-ystrouta'
413 2645 472 2700 Sed
507 2641 639 2716 speciale
664 2640 830 2697 remedium
864 2639 983 2697 videtur
1016 2641 1108 2698 michi
1138 2660 1204 2699 esse
1236 2661 1297 2699 non
1327 2641 1357 2698 in

155 2707 259 2812 solil-iii
270 2705 360 2811 {gilla
372 2729 470 2789 verbis
495 2729 558 2786 suis
590 2746 646 2785 nec
670 2726 923 2803 promissionibus
948 2730 1070 2785 credere
1094 2731 1145 2786 sed
1171 2728 1401 2786 evidenciam25

229 2812 285 2854 ΜΝ·
371 2816 501 2876 racionis
517 2828 569 2872 aut
593 2815 662 2872 fidei
680 2828 851 2890 expectare3
875 2817 927 2872 sed
951 2819 996 2889 (ut
1019 2829 1134 2873 tactum
1151 2829 1194 2873 est
1210 2816 1358 2890 superius)

371 2905 428 2963 ista
462 2903 579 2960 videtur
618 2902 768 2976 culpanda
791 2901 933 2960 vecordia
966 2905 1048 2977 quod
1072 2905 1164 2960 homo
1193 2905 1303 2960 audeat
1327 2903 1358 2960 in

371 3010 462 3050 causa
486 2991 619 3047 humana
652 2989 698 3046 vel
722 3008 812 3046 causa
846 2988 923 3064 regis
958 2989 1099 3064 superbie
1130 3004 1237 3047 contra
1261 2990 1357 3064 legem

373 3079 425 3137 uei
445 3077 598 3153 proximos
622 3095 692 3134 suos
708 3075 851 3134 invadere
875 3091 904 3133 et
926 3096 988 3133 non
1005 3078 1116 3134 audeat
1139 3077 1170 3134 in
1194 3096 1284 3135 causa
1303 3076 1357 3134 Dei

373 3166 519 3241 populum
537 3183 637 3237 suum,
663 3162 747 3220 cuius
764 3165 853 3221 habet
870 3165 1075 3238 gubernacula
1092 3178 1121 3222 et
1137 3164 1261 3239 propria
1278 3167 1357 3221 bona
1370 3174 1401 3225 30

372 3254 546 3321 defendere;
572 3252 639 3308 ideo
664 3269 767 3325 regum
793 3266 870 3309 esset
894 3271 957 3308 non
981 3252 1083 3308 seduci
1107 3251 1250 3308 versuciis
1274 3251 1357 3308 Anti-

373 3339 488 3410 christi,
519 3340 569 3396 sed
594 3337 765 3413 probibere,
802 3357 838 3395 ne
872 3339 936 3413 ipse
959 3340 1004 3395 rel
1036 3339 1082 3395 sui
1114 3339 1258 3396 satellites
1290 3357 1358 3413 spo-

373 3426 467 3484 liandi
492 3425 595 3500 gracia
620 3426 731 3482 intrent
755 3424 851 3482 calide
876 3445 1000 3499 regnum
1025 3445 1123 3484 suum.

234 3522 284 3565 Tne
416 3513 526 3571 Tercio
552 3515 676 3570 mandat
701 3512 838 3570 Clrristus
866 3515 946 3588 quod
971 3515 1021 3588 qui
1042 3514 1070 3569 in
1092 3531 1170 3592 agro
1193 3524 1269 3582 sunt,
1303 3514 1358 3569 hoc

156 3575 427 3669 c‘lilii‘lllssll'limest,
453 3602 589 3674 vulgares
614 3599 814 3657 artificialiter
829 3601 1001 3658 laborantes
1024 3620 1085 3657 non
1109 3613 1298 3658 revertantur
1321 3603 1358 3657 ad
1371 3609 1401 3659 35

171 3678 345 3772 llcssllffillasgst
375 3687 547 3744 huiusmodi
565 3686 742 3743 Antichristi
758 3687 917 3761 perlidlam
934 3689 981 3745 vel
997 3707 1175 3746 consensum
1199 3701 1359 3763 quantum-

190 3782 328 3824 nnrrchrtsr.
375 3793 493 3849 cunque
517 3776 553 3830 de
577 3773 797 3848 temporalibus
814 3774 908 3832 eciam
933 3775 1115 3849 tegumentis
1139 3775 1275 3850 corporis
1291 3793 1359 3848 spo·

374 3860 494 3919 lientur.
528 3863 594 3917 Hoc
618 3860 698 3918 enim
733 3863 870 3934 perderet
895 3862 995 3919 anime
1020 3861 1126 3918 melius
1149 3875 1357 3936 tegumentum

374 3962 403 4004 et
427 3948 507 4004 lacto
546 3961 610 4005 toto
636 3947 766 4005 finaliter
790 3948 945 4005 dirimeret
976 3949 1157 4024 temporalia
1185 3948 1359 4006 adiacencia

374 4049 402 4090 et
435 4035 571 4109 corporis
603 4047 787 4109 tegumenta.
823 4038 883 4092 Nec
912 4038 1015 4093 credat
1047 4037 1177 4112 vulgaris
1210 4035 1404 4111 spirituali40

374 4121 518 4196 suffragio
544 4120 630 4177 buius
664 4123 775 4198 refuge,
810 4137 843 4178 ut
866 4137 939 4196 puta
963 4125 1043 4198 quod
1074 4124 1129 4180 erit
1158 4124 1313 4181 absolutus
1342 4142 1359 4180 a

374 4227 452 4282 pena
484 4222 512 4264 et
542 4209 631 4282 culpa
670 4222 722 4264 aut
758 4212 839 4283 quod
874 4210 995 4267 habebit
1019 4224 1063 4268 tot
1089 4211 1183 4268 millia
1207 4229 1357 4268 annorum

424 4415 446 4458 8.
461 4416 482 4458 Α
498 4416 521 4458 in
537 4427 624 4470 marga
640 4416 665 4458 B.
729 4414 764 4468 34.
780 4419 801 4460 A
818 4417 840 4461 in
859 4431 945 4472 maru:
962 4429 981 4461 ι.
1045 4417 1079 4464 36.
1095 4421 1128 4464 Α;
1144 4420 1181 4463 vel
1194 4421 1266 4462 deest.
