3098 5130
206 492 273 536 CAl‘·
289 478 429 561 XXXVIII]
490 495 535 544 DE
555 494 793 544 ANTICHRISTO
814 493 877 543 ΗΒ.
898 495 915 544 l.

206 659 263 715 hoc
286 670 330 713 est
353 654 584 730 superadditum
609 673 701 729 supra
724 655 816 711 vitam
835 654 947 713 Christi
972 674 1004 712 ex
1029 656 1188 730 tyrannide

204 744 391 815 Antichristi,
431 756 459 799 et
498 744 589 799 docto
626 760 680 817 per
718 756 868 799 secretum
908 742 986 818 regis
1024 743 1187 800 concilium

205 834 327 889 deberet
350 849 476 905 regnum
501 848 647 887 evacuare
670 829 759 887 istam
776 829 978 904 tyrannidem,
1003 829 1189 888 includendo

205 919 296 977 istum
331 919 523 976 collectorem
557 916 589 974 in
621 936 774 975 carcerem
802 936 960 993 quousque
984 917 1087 975 fideles
1110 917 1189 992 regis
1204 929 1301 992 English
1317 930 1395 986 ctergy

181 1006 306 1064 §clerici
331 1005 508 1063 incarcerati
541 1023 595 1080 per
618 1024 729 1080 papam
753 1005 864 1062 fuerint
888 1005 1022 1074 liberati3
1057 1019 1086 1062 et
1111 1005 1189 1062 sicut
1207 983 1399 1091 rmppersqqqqoy

206 1095 236 1151 in
260 1093 334 1159 istis,
371 1093 413 1150 sic
437 1092 469 1149 in
493 1093 634 1150 omnihus
664 1091 730 1150 aliis
759 1093 864 1167 spoliis
893 1111 1056 1167 regnorum
1081 1091 1189 1151 libera·

206 1195 288 1239 retur
320 1181 408 1238 fidele
440 1199 565 1255 regnum
601 1199 618 1237 a
650 1178 755 1255 spoliis
788 1194 817 1237 et
845 1180 1077 1255 decepcionibus
1104 1179 1190 1238 anti-

206 1269 320 1327 christi.

249 1360 286 1413 Et
318 1358 372 1412 hec
406 1354 488 1412 racio
522 1374 617 1429 quare
650 1369 772 1430 oportet
803 1355 905 1412 fideles
931 1373 1094 1428 regnorum
1118 1374 1190 1413 cou-

167 1444 412 1501 roversacionem
438 1460 621 1518 cognoscere
638 1442 755 1499 domini
771 1445 840 1499 lesu
858 1441 981 1500 Christi.
1007 1445 1070 1500 Hec
1094 1442 1189 1501 eciam

207 1545 251 1588 est
284 1531 366 1589 racio
400 1548 494 1605 quare
527 1548 619 1604 regna
652 1529 714 1587 sive
746 1528 882 1588 dominia
912 1532 950 1586 ab
973 1548 1035 1587 uno
1059 1548 1129 1605 rege
1152 1532 1190 1587 ad

206 1619 299 1676 alium
324 1618 557 1675 transferuntur.
582 1621 648 1674 Non
673 1616 753 1674 enim
779 1631 823 1675 est
847 1631 975 1692 punctus
996 1631 1058 1675 tam
1076 1617 1191 1675 instans

207 1706 237 1763 in
271 1725 332 1782 quo
365 1720 408 1764 est
441 1705 537 1779 magis
575 1705 778 1763 necessarium
819 1723 944 1779 regnum
978 1705 1104 1781 aliquod
1136 1707 1191 1762 sub

206 1812 284 1869 pape
301 1793 460 1868 tyrannide
477 1791 647 1867 evangelice
669 1793 843 1867 gubernari,
867 1793 939 1868 quia
962 1795 1018 1850 hoc
1035 1792 1192 1851 concernit

167 1883 334 1947 15salutem
360 1880 460 1938 anime
484 1894 512 1937 et
535 1881 770 1955 prosperitatem
795 1880 1010 1955 temporalium
1041 1900 1059 1938 a
1083 1880 1192 1955 quibus
1273 1942 1275 1947 k

208 1987 299 2043 regna
333 1986 386 2042 per
409 1967 586 2024 Antichristi
610 1968 804 2041 tyrannidem
829 1968 1009 2043 spoliantur.
1042 1971 1105 2026 Nec
1134 1982 1192 2025 stat

207 2057 236 2112 in
260 2055 484 2112 deliberacione
507 2055 593 2112 istius
615 2055 733 2112 consilii
749 2058 850 2130 quoad
868 2074 977 2130 corpus
994 2057 1039 2112 vel
1055 2055 1191 2113 animam

207 2143 289 2218 regni
315 2142 494 2217 periculum,
528 2156 627 2200 stante
659 2162 780 2218 semper
813 2142 890 2199 iusta
922 2141 983 2199 vita
1018 2157 1047 2200 et
1084 2142 1192 2200 humili

206 2230 365 2306 proposito
390 2230 522 2287 aliunde.

165 2350 195 2383 20
250 2319 308 2374 Sed
344 2319 400 2374 heu
435 2335 519 2391 reges
551 2330 581 2374 et
614 2331 751 2392 potentes
780 2317 871 2373 seculi
896 2336 956 2374 non
982 2317 1029 2373 hic
1054 2317 1193 2374 senciunt
1217 2331 1392 2392 ltingsqonot

207 2404 399 2478 tyrannidem
424 2404 612 2474 Antichristi,
645 2406 695 2462 sed
731 2406 841 2461 hahent
874 2418 935 2461 tam
965 2403 1085 2479 spissim
1111 2423 1193 2461 com-
1222 2391 1393 2480 Amfc‘ffssssssm

208 2493 316 2549 mixtos
349 2491 513 2566 complices
541 2493 622 2567 quod
653 2493 745 2548 homo
768 2491 899 2548 inveniet
928 2491 957 2547 in
982 2491 1082 2565 regnis
1105 2505 1138 2547 ut
1162 2491 1193 2549 in
1224 2488 1277 2545 they
1292 2487 1385 2533 ⁸¹¹⁰uld·

208 2598 301 2654 regno
317 2579 424 2653 Anglie
440 2599 511 2636 suos
528 2593 742 2654 procuratores
765 2578 888 2653 spissius
912 2579 1076 2636 seminatos
1100 2597 1192 2653 quam

209 2667 311 2724 fideles
349 2685 450 2723 servos
490 2667 604 2723 domini
639 2670 707 2723 lesu
748 2666 868 2723 Christi.
908 2669 945 2722 Et
978 2684 1046 2722 cum
1076 2665 1106 2721 in
1134 2665 1193 2723 isto

166 2765 321 2829 lopuncto
365 2767 587 2828 temptarentur
625 2754 763 2811 homines
806 2753 958 2828 precipue,
1002 2753 1026 2808 si
1065 2752 1095 2809 in
1134 2753 1193 2810 fide

209 2841 359 2899 catholica
383 2840 441 2897 sint
467 2841 569 2898 fideles
593 2845 665 2904 (non
690 2841 767 2897 enim
794 2840 931 2916 queritur
954 2839 1068 2915 aliquid
1093 2859 1109 2897 a
1134 2840 1193 2898 lide

209 2943 382 2986 extraneum
408 2929 459 2985 sed
484 2931 565 3003 quod
587 2929 788 2986 Antichristus
812 2947 872 2985 non
897 2940 1054 3002 attemptet
1078 2927 1192 3002 aliquid

116 3031 178 3090 4¹9⁸
209 3035 301 3091 supra
325 3016 484 3073 dominum
501 3019 601 3073 lesum
624 3012 629 3096 Ι
648 3024 809 3087 nostrum),
834 3034 950 3092 semper
973 3027 1069 3071 tantan
1092 3034 1193 3072 samus

208 3104 236 3159 in
262 3104 356 3181 firmo
386 3105 550 3180 proposita,
588 3104 663 3161 sicat
695 3116 722 3159 et
754 3104 820 3160 aliis
852 3103 1029 3160 consulimus
1060 3104 1137 3178 quod
1168 3104 1195 3159 si

166 3189 286 3246 35istud
316 3191 354 3246 sit
387 3191 502 3247 devium
535 3211 552 3247 α
575 3192 642 3267 fide
673 3191 817 3247 catholica
850 3192 928 3266 qrrod
959 3191 1037 3246 istud
1060 3191 1193 3246 uolumus

207 3278 356 3334 humiliter
388 3296 538 3337 revocare.
579 3278 659 3335 Certi
692 3293 794 3335 tamen
827 3297 930 3333 sumus
964 3296 997 3334 ex
1027 3278 1086 3334 lide
1110 3280 1191 3353 quod

208 3365 344 3422 Christus
378 3378 421 3421 est
454 3383 540 3421 verus
574 3369 653 3422 Deus
687 3378 715 3422 et
747 3384 834 3422 verus
867 3367 958 3420 homo
991 3378 1019 3421 et
1053 3383 1120 3421 cum
1155 3365 1193 3421 sit

206 3452 412 3526 omniquaque
424 3452 640 3527 impeccabilis,
656 3453 828 3528 quicunque
842 3452 873 3509 in
889 3452 1193 3527 superhabundancia

207 3541 253 3596 vel
286 3540 404 3596 defectu
438 3560 454 3596 a
488 3540 591 3614 regula
624 3559 677 3596 sua
711 3539 893 3614 disgreditur
932 3553 964 3596 ut
996 3538 1039 3595 sic
1077 3553 1192 3614 peccat.

163 3629 321 3701 40Papam
347 3641 448 3682 autem
478 3627 590 3684 seimus
618 3628 704 3684 valde
728 3626 924 3702 peccabilem,
961 3645 1028 3683 cum
1054 3626 1193 3683 diabolus

208 3728 309 3788 posset
338 3713 368 3769 in
392 3713 458 3787 ipso
488 3716 633 3789 populum
665 3716 810 3771 suscitare
834 3716 915 3789 quod
948 3732 1025 3769 unus
1049 3732 1192 3787 corpora-

207 3801 276 3858 liter
304 3800 424 3858 occidat
454 3815 482 3857 et
506 3801 616 3876 spoliet
644 3802 736 3858 alium
766 3805 822 3858 sub
846 3803 971 3858 obtentu
996 3800 1193 3857 beatitudinis

207 3888 271 3944 sine
304 3906 392 3962 pena.
426 3890 496 3945 ldeo
531 3891 698 3946 secundum
732 3888 901 3945 doctrinam
934 3888 1072 3962 Apostoli
1102 3889 1194 3945 homo

208 3993 270 4032 non
299 3976 387 4032 debet
415 3975 446 4031 in
474 3974 531 4031 hiis
560 3977 682 4034 credere
710 3975 793 4032 omni
822 3974 942 4050 spiritui
969 3975 1022 4031 sed
1045 3988 1194 4049 temptare

165 4061 331 4137 45spiritus
369 4065 534 4120 secundum
575 4063 735 4120 consilium
776 4062 872 4120 sancti
910 4061 1043 4137 spiritus,
1088 4061 1112 4119 si
1151 4061 1193 4118 illi

209 4148 333 4224 spiritus
357 4149 415 4206 sint
440 4169 473 4206 ex
498 4153 571 4209 Deo.

262 4365 290 4396 ω.
305 4357 352 4397 iam
366 4354 466 4397 luctans.

262 4479 285 4525 4.
314 4461 401 4512 There
421 4464 442 4511 is
461 4462 589 4528 probably
615 4460 676 4511 here
696 4477 710 4510 a
733 4461 867 4511 reference
885 4471 913 4509 to
933 4461 1039 4510 Nicolas
1058 4459 1193 4510 Hereford.
