3098 5130
216 499 284 544 car.
299 487 417 571 xxvio]
505 506 550 555 oe
570 505 808 555 sustentusso
829 506 892 556 um.
912 507 929 556 1.

215 667 275 722 Sed
298 666 373 722 illud
391 666 522 742 primum
551 666 739 745 interrogant
767 683 806 722 ex
828 685 859 722 se
881 680 910 724 et
929 680 1056 744 propter
1077 688 1118 736 se,
1154 671 1207 727 ltoc

215 765 310 811 autem
343 753 499 810 secundum
532 771 572 810 ex
599 753 680 810 nobis
703 765 731 810 et
756 765 883 831 propter
915 773 976 812 nos.
1011 757 1088 812 Nam
1118 775 1208 832 neque

217 860 269 898 nos
292 841 392 918 templi
413 840 491 897 illius
515 841 713 915 dirupcionem
737 841 916 917 aspeximus,
940 860 1029 919 neque
1052 844 1098 899 illi
1118 847 1209 901 seculi

206 928 310 1005 finem.
335 929 404 985 Ideo
428 928 487 985 illis
510 927 683 1004 expediebat
698 929 804 985 audire
819 929 907 1006 signa
924 930 1003 986 illius
1020 931 1207 1007 diruptionis,

191 1017 297 1073 5nobis
327 1027 423 1072 autem
456 1015 575 1092 expedit
607 1033 787 1093 cognoscere
818 1017 1081 1074 consummaciouis
1109 1019 1205 1098 signa.

219 1103 359 1160 Omnibus
382 1102 583 1159 laborantibus
607 1103 699 1160 dulcis
724 1113 767 1160 est
780 1103 863 1180 finis.
895 1104 995 1160 Viator
1018 1105 1141 1162 libenter
1163 1107 1205 1162 in·

214 1201 352 1268 terrogat
373 1191 422 1247 ubi
435 1190 547 1247 mansio
568 1191 622 1261 sit,·
643 1191 845 1247 mercenarius
859 1191 1038 1266 frequenter
1057 1205 1206 1271 computat

214 1278 359 1354 quomodo
397 1295 491 1333 annus
528 1279 706 1354 completur;
747 1278 883 1356 agricola
921 1296 1037 1355 semper
1073 1289 1205 1356 tempora

215 1365 316 1422 messis
331 1375 465 1441 expectat
471 1386 481 1434 ,·
503 1365 677 1443 negociator
692 1365 739 1421 die
754 1383 789 1420 ac
805 1375 890 1423 nocte
912 1367 993 1422 thece
1015 1384 1066 1422 sue
1089 1367 1206 1424 discutit

173 1471 204 1505 ιο
215 1452 373 1524 racionem,
412 1451 518 1509 mulier
545 1469 698 1529 pregnans
735 1469 852 1528 semper
890 1453 925 1508 de
958 1453 1069 1509 decimo
1108 1473 1206 1511 mense

214 1540 336 1618 cogitat,
373 1539 415 1596 sic
452 1549 480 1595 et
517 1539 598 1595 servi
630 1538 689 1595 Dei
720 1538 844 1595 libenter
879 1540 918 1599 ¹de
955 1541 1206 1597 consummacione

215 1626 374 1702 requirunt.
410 1626 558 1702 Scriptum
587 1636 630 1682 est
658 1625 748 1682 enim:
783 1625 840 1681 Ubi
866 1627 923 1682 erit
950 1627 1106 1684 thesaurus
1128 1640 1203 1702 tuus,
1234 1654 1279 1697 we
1294 1656 1366 1709 ought
1381 1664 1404 1697 ,0

215 1715 254 1770 ibi
280 1714 336 1771 erit
359 1724 386 1769 et
409 1732 462 1770 cor
486 1724 574 1770 tuum.
603 1713 682 1770 Ecce
710 1713 736 1770 si
758 1713 921 1769 solidorum
945 1715 1053 1771 habeas
1075 1714 1203 1790 aliquam
1218 1708 1407 1803 ,gffggnffliffil

213 1801 399 1876 quantitatem
428 1801 456 1856 in
488 1801 581 1857 archa
610 1801 777 1875 repositam,
811 1801 1057 1876 quocienscunque
1091 1803 1204 1859 ueniens
1411 1792 1416 1801 ’

161 1884 186 1909 '⁸
215 1890 250 1944 de
267 1889 367 1965 platea
388 1883 393 1967 Ι
414 1888 531 1945 domum
556 1899 634 1943 tuam
652 1887 839 1965 ingredieris,
862 1899 928 1945 aitte
951 1889 1047 1944 onznia
1071 1889 1148 1945 oculi
1162 1891 1205 1947 tui

214 1976 308 2032 locum
338 1975 419 2031 illurn
450 1975 614 2051 respiciunt,
646 1975 694 2030 ubi
720 1975 831 2031 solidos
859 1975 963 2044 lobes;
993 1977 1035 2032 sic
1062 1988 1088 2033 et
1111 1978 1206 2033 sancti

214 2062 295 2118 illum
330 2063 425 2119 locum
461 2062 625 2137 respiciunt,
661 2061 710 2118 ubi
740 2062 844 2118 liabent
876 2064 1032 2138 repositam
1060 2064 1201 2142 gratiam.

214 2150 291 2206 Nam
324 2148 393 2206 utile
420 2160 463 2205 est
492 2161 605 2225 tempus
634 2149 896 2205 consummacionis
919 2167 1105 2228 cognoscere,
1135 2151 1202 2228 quia

214 2239 299 2293 ltomo
320 2237 348 2293 in
373 2237 476 2293 itinere
495 2236 667 2292 constitutus
683 2247 789 2310 quanto
810 2236 908 2313 magis
927 2237 1203 2313 appropinquaverit

171 2323 365 2393 consensioni,
394 2334 474 2380 tanto
503 2322 628 2398 amplius
650 2322 748 2398 incipit
761 2323 921 2398 festinare.
954 2324 1032 2379 Nam
1060 2324 1088 2379 in
1112 2325 1202 2403 longa

214 2412 259 2467 via
298 2411 388 2468 eciam
422 2411 534 2467 veloces
566 2409 695 2467 homines
722 2409 853 2487 pigriter
888 2411 1048 2481 ambulant,
1086 2413 1201 2486 quando

213 2510 308 2555 autem
333 2497 379 2553 uia
393 2497 494 2574 suerit
517 2496 660 2568 breviata,
683 2497 772 2553 eciam
790 2496 875 2574 pigri
891 2495 1028 2553 uelociter
1042 2498 1200 2555 ambulant.

213 2585 280 2642 Hac
304 2585 422 2641 racione
446 2584 559 2640 Paulus
581 2585 744 2641 exltortans
768 2584 852 2639 dicit:
874 2583 960 2639 Nunc
983 2584 1057 2640 enim
1077 2585 1202 2660 propior

213 2684 255 2728 est
283 2684 384 2728 nostra
412 2671 493 2728 salus
527 2690 614 2748 quarn
644 2689 707 2727 cum
736 2670 924 2742 credidimus,
958 2671 1025 2746 quia
1048 2672 1201 2747 appropin-

170 2762 300 2834 25quata
323 2777 386 2835 spes
409 2758 518 2815 excitat
551 2757 802 2837 magnanimitatis
831 2757 975 2813 uirtutem.
1004 2759 1072 2814 Ideo
1096 2771 1201 2833 quanto

212 2846 308 2924 magis
323 2845 483 2902 laudabiles
497 2856 564 2901 sunt
579 2846 707 2920 quiante
726 2845 875 2901 Christum
885 2845 1023 2919 suerunt,
1047 2856 1127 2902 tanto
1150 2865 1202 2903 uos

212 2933 414 3009 vituperabiles
442 2932 491 3008 qui
513 2943 580 3008 post
599 2932 748 2988 Christum
775 2950 876 2988 sumus
899 2941 927 2988 et
941 2933 1037 2988 adbuc
1054 2933 1090 2988 de
1104 2933 1202 2990 seculo

211 3021 350 3077 recedere
365 3020 507 3076 nolumus.
534 3018 583 3076 Illi
597 3020 712 3096 quidem
729 3019 857 3077 sciebant
864 3018 957 3096 finem
979 3037 1041 3076 esse
1047 3021 1199 3096 futurum,

211 3109 326 3183 quando
354 3117 460 3178 autem,
493 3105 663 3163 nesciebant.
701 3107 764 3163 Nos
795 3118 889 3163 autem
924 3106 1050 3163 Domino
1084 3108 1200 3163 demon-

169 3198 324 3251 3ostrante
357 3193 484 3269 quotidie
515 3193 642 3249 seculum
672 3193 762 3271 finiri
793 3193 922 3250 videmus
954 3204 1101 3270 tamquam
1131 3196 1203 3250 mali

210 3282 299 3352 servi,
331 3281 388 3336 iam
412 3280 531 3337 albescit
557 3298 669 3336 aurora
693 3292 720 3337 et
743 3279 839 3337 adbuc
866 3281 1037 3337 dormimus.
1073 3282 1149 3338 Nam
1174 3294 1200 3338 et

207 3379 379 3444 peccatores
402 3368 531 3425 ltomines
554 3386 699 3443 nunquam
720 3378 826 3443 putant
840 3368 933 3444 finem
956 3368 1049 3424 seculi
1070 3386 1133 3425 esse
1145 3370 1199 3443 su-

211 3467 319 3511 turum.
344 3455 384 3511 Et
400 3455 469 3530 quid
484 3454 591 3510 mirum
607 3455 634 3510 si
654 3455 733 3530 quod
755 3455 876 3510 audiunt
900 3472 955 3509 non
979 3457 1110 3526 credunt,
1135 3473 1198 3510 cum

211 3560 261 3599 nec
293 3542 367 3598 illud
395 3542 517 3598 credunt
546 3542 623 3617 quod
653 3541 779 3617 quotidie
810 3541 930 3597 uident?
964 3541 1040 3596 Nam
1074 3542 1200 3615 quotidie

169 3629 199 3681 35
212 3641 344 3686 mortuos
376 3629 507 3684 manibus
537 3629 598 3684 suis
625 3629 747 3704 efferunt
774 3638 801 3684 et
830 3629 969 3684 mortales
997 3646 1027 3684 se
1055 3646 1116 3684 esse
1144 3647 1199 3684 non

207 3726 321 3793 putant.
347 3717 410 3772 Hec
435 3714 647 3775 Crisostomus.

253 3802 380 3859 Videtur
413 3802 504 3858 istum
539 3815 678 3859 sanctum
715 3801 866 3858 subtiliter
903 3815 1010 3858 notare
1043 3803 1198 3876 quomodo
1236 3826 1281 3870 We
1296 3827 1380 3870 should

212 3903 328 3947 mentes
352 3889 520 3946 infidelium
546 3890 582 3946 de
607 3888 789 3946 futuricione
814 3902 973 3946 eventuum
996 3889 1144 3945 fluctuant
1168 3889 1198 3946 in
1218 3887 1265 3922 ‘⁰⁸¹
1280 3880 1402 3923 ⁰⁰⁰¹0¹¹¹⁰d

211 3977 338 4049 incerto,
377 3995 446 4034 cum
481 3990 513 4033 ut
547 3976 636 4033 fidem
672 3978 816 4033 debemus
856 3995 965 4050 capere
1005 3978 1085 4052 quod
1125 3976 1198 4034 talia
1218 3933 1407 4028 qtqqcsgquqqem

261 4160 281 4206 3.
297 4160 386 4205 enda:
402 4172 445 4204 nos
459 4160 531 4203 deest.
586 4172 617 4214 ¹7·
632 4161 665 4203 A:
681 4159 755 4204 locum
765 4159 837 4203 deest.
891 4171 928 4211 ts,
938 4160 972 4203 25.
982 4162 1016 4203 A:
1027 4160 1196 4216 propinquata.

210 4217 243 4259 25.
254 4217 288 4259 A:
303 4213 473 4268 datoperandi
485 4215 600 4255 uirtutem.
668 4213 703 4256 26.
719 4212 810 4255 Codd.:
826 4212 942 4255 Curtsturn
956 4212 1028 4254 deest.
1082 4209 1112 4255 31.
1128 4215 1161 4256 A:
1176 4218 1200 4256 et

210 4267 283 4374 intecit}
291 4333 296 4361 ²
311 4264 461 4362 Joqbdnqetspi
473 4265 537 4321 quod
545 4263 678 4308 -credunt
692 4265 763 4308 deest.
822 4263 903 4308 35.A:
919 4264 1029 4321 offerunt.
1088 4261 1122 4319 37.
1137 4265 1159 4308 A
1173 4265 1196 4307 in

266 4460 303 4494 12.
324 4443 416 4494 Mutth.
434 4443 480 4505 Vl,
504 4457 546 4492 22.
613 4443 653 4494 23.
672 4443 750 4492 Rom.
769 4441 838 4503 xm,
860 4457 899 4492 tt.
