3098 5130
606 479 696 529 oeus
715 478 967 528 avauouucutr
989 478 1052 528 ria.
1071 479 1112 529 111.
1208 461 1290 545 [car.
1306 477 1352 520 m.

369 637 490 713 aliquod
510 639 683 712 corporale;
708 642 760 695 sed
785 638 928 696 credibile
952 653 995 696 est
1020 657 1052 696 ex
1076 653 1157 696 textu
1181 640 1353 714 evangelico

369 737 397 780 et
421 724 500 782 facto
533 727 614 801 quod
648 725 745 782 evenit
777 729 858 800 quod
882 726 1005 801 spiritus
1038 727 1201 783 defendunt
1229 727 1354 802 spissius

369 813 406 868 ad
423 811 539 870 inferna
564 831 596 869 ex
622 812 799 870 infidelitate
815 832 906 888 quam
932 814 963 870 in
986 826 1123 887 tempore
1146 813 1207 871 alio
1232 817 1353 872 descen-

369 901 487 963 derunt,
522 900 590 957 ideo
615 913 647 957 ut
671 900 769 956 innuit
794 901 850 956 hoc
874 899 1061 975 evangelium
1088 902 1144 957 hoc
1167 914 1288 975 tempus
1311 915 1354 959 est

370 986 576 1060 periculosius.
607 989 738 1058 Quando
762 1006 833 1061 ergo
857 986 898 1044 ita
922 987 1125 1045 communiter
1149 987 1277 1045 credidit
1302 993 1377 1063 po·.²

316 1149 322 1156 1
371 1074 459 1146 pulus
492 1073 522 1130 in
555 1092 666 1148 papam
700 1076 801 1149 quoad
825 1073 1033 1148 indulgencias
1063 1088 1092 1131 et
1115 1075 1173 1132 alia
1199 1075 1354 1150 privilegia

156 1136 354 1232 ςῃᾞῇζῗζιῗᾷζο
370 1159 443 1234 legis
467 1180 520 1218 sue
544 1160 713 1236 postposita
731 1163 795 1235 lege
818 1175 847 1218 et
872 1162 930 1217 fide
954 1175 983 1218 et
1006 1161 1121 1219 domini
1137 1164 1206 1219 lesu
1224 1162 1355 1220 Christi?

157 1239 354 1346 fficggelfiossleis‘
369 1248 427 1303 Sed
462 1250 519 1305 hoc
558 1267 590 1305 ex
624 1248 711 1305 dictis
743 1262 787 1305 est
819 1249 971 1305 Christum
1005 1248 1174 1325 relinquere
1207 1263 1235 1306 et
1269 1249 1354 1306 Anti-

184 1345 323 1389 invcnrions.
369 1333 514 1391 christum
549 1335 579 1392 iu
602 1354 706 1392 amore
730 1354 898 1410 preponere
927 1350 955 1393 et
978 1338 1035 1394 hoc
1059 1336 1141 1393 iuxta
1165 1337 1352 1411 evangelium

370 1423 450 1478 Luce
479 1422 647 1497 expositum
681 1437 829 1497 repugnat
867 1422 936 1481 huic
968 1426 1052 1498 quod
1091 1423 1133 1480 sic
1173 1424 1285 1481 faciens
1317 1424 1398 1482 sitro

369 1508 534 1583 discipulus
560 1509 681 1567 Domini
704 1512 773 1566 Jesu
798 1510 924 1580 Christi;
949 1524 978 1567 et
1001 1512 1044 1568 sic
1068 1512 1169 1586 plures
1192 1511 1355 1569 infideliter

369 1615 479 1670 papam
513 1611 682 1672 sequuntur
715 1611 743 1654 et
767 1597 857 1655 fidem
883 1598 995 1655 Christi
1019 1601 1161 1656 deserunt
1184 1618 1276 1674 quam
1301 1598 1354 1656 ali-

370 1702 459 1757 quem
486 1704 608 1759 magum
633 1685 678 1742 vel
702 1684 858 1742 diabolum
888 1684 918 1742 in
942 1686 1002 1743 alio
1027 1702 1164 1761 tempore
1188 1690 1355 1761 sequeban-

369 1785 426 1828 tur.
461 1774 536 1828 Nam
571 1772 741 1846 publicatur
776 1785 808 1828 ut
832 1772 906 1830 lides
938 1793 1029 1847 quam
1063 1773 1165 1831 cuncti
1197 1773 1354 1831 christiani

369 1859 478 1916 debent
502 1862 625 1917 credere
642 1862 724 1936 quod
747 1859 791 1917 sic
815 1862 956 1918 credatur
979 1863 1016 1918 de
1033 1881 1112 1936 papa
1136 1875 1164 1919 et
1187 1860 1274 1919 aliter
1297 1861 1397 1918 sibi15

369 1946 540 2003 discredens
563 1947 734 2004 censebitur
756 1947 895 2005 infidelis.

191 2047 241 2105 Tua
256 2049 319 2103 lupe
412 2036 542 2104 Quando
559 2048 659 2091 autem
683 2035 767 2109 prius
792 2035 872 2109 magi
897 2037 1043 2110 quosdam
1069 2037 1248 2093 seduxerant
1272 2038 1353 2110 quod

152 2100 352 2196 w‘ssfflgaffssfflfiffi
369 2123 407 2177 ad
431 2121 512 2178 celos
536 2122 633 2178 forent
649 2121 786 2179 translati
811 2140 879 2179 cum
897 2121 1018 2189 sanctis,
1043 2121 1100 2179 ista
1123 2136 1225 2180 tamen
1249 2124 1355 2178 seduc·

161 2203 348 2258 ¹¹¹⁰m³ssl⁰l<¹¹¹⁵·
370 2206 417 2265 cio
441 2227 503 2265 non
535 2208 590 2266 fuit
621 2222 682 2266 tam
707 2209 854 2284 generalis
878 2225 907 2266 et
935 2210 1048 2283 patula,
1087 2223 1121 2266 ut
1145 2223 1188 2266 est
1212 2209 1354 2266 seduccio

369 2314 429 2370 qua
453 2314 532 2371 papa
566 2297 682 2354 seducit
705 2295 863 2355 ecclesiam
894 2296 1085 2353 militantem.
1125 2298 1266 2353 Patenter
1289 2297 1398 2371 qui-20

370 2385 438 2439 dem
463 2385 500 2440 de
523 2383 655 2440 seductis
679 2383 708 2441 in
732 2383 863 2459 pecunia
885 2382 941 2440 sibi
966 2382 1226 2456 complacentibus
1249 2384 1356 2440 asserit

370 2472 451 2545 quod
475 2485 544 2527 sunt
561 2471 690 2528 absoluti
714 2491 731 2528 a
756 2489 832 2546 pena
857 2484 886 2527 et
910 2471 997 2544 culpa
1022 2482 1051 2525 et
1068 2470 1205 2526 translati
1230 2472 1268 2526 ad
1293 2471 1355 2544 glo·

369 2557 445 2614 riam
471 2559 638 2628 beatorum,
677 2558 707 2615 in
740 2571 858 2615 tantum
893 2559 975 2632 quod
1007 2556 1157 2631 promittit
1189 2557 1356 2614 viatoribus

369 2646 426 2701 hoc
443 2645 592 2719 premium
615 2645 666 2719 qui
690 2645 721 2701 in
737 2663 829 2702 causa
852 2664 906 2701 sua
928 2643 1070 2701 occidunt
1086 2645 1225 2719 nequiter
1249 2645 1355 2701 fratres

369 2751 439 2789 suos
464 2745 492 2788 et
517 2734 661 2789 adherere
694 2732 745 2789 uni
779 2732 831 2789 tali
861 2730 989 2805 principi
1019 2730 1144 2788 dimissa
1169 2732 1228 2788 fide
1252 2734 1397 2788 catho-25

368 2818 426 2876 lica
465 2818 538 2893 legis
578 2818 689 2876 Christi
726 2820 804 2877 foret
842 2818 923 2875 iuxta
960 2817 1148 2893 evangelium
1185 2818 1353 2893 predictum

370 2908 449 2963 luce
471 2908 536 2962 XIV
559 2906 721 2964 infidelitas
746 2907 906 2964 manifesta
930 2919 959 2963 et
983 2924 1037 2980 per
1060 2924 1248 2982 consequens
1272 2905 1355 2963 iuxta

370 2993 460 3049 fidem
484 2993 609 3050 ecclesie
641 2992 743 3050 taliter
776 2992 940 3050 morientes
975 2995 1160 3051 descendunt
1184 2992 1354 3050 necessario

368 3081 406 3136 ad
430 3080 592 3138 infernum.
631 3081 711 3152 Quid
740 3099 811 3155 ergo
834 3095 935 3156 posset
959 3099 1022 3138 esse
1047 3080 1143 3138 maius
1167 3080 1354 3156 periculum?

369 3185 424 3223 nec
448 3181 549 3241 posset
573 3167 674 3243 aliqua
709 3168 962 3243 tergiversacione
985 3187 1049 3225 esse
1073 3171 1153 3243 apud
1178 3171 1272 3224 Deum
1303 3170 1397 3224 ab-3o

369 3255 540 3311 sconditum
558 3255 630 3329 quin
655 3254 697 3312 sic
721 3256 852 3313 zelantes
869 3274 923 3330 pro
947 3257 1011 3330 lege
1026 3274 1104 3330 pape
1128 3269 1157 3312 et
1179 3274 1234 3312 suo
1257 3255 1354 3313 domi·

208 3375 286 3417 These
369 3341 420 3398 nio
453 3360 487 3399 ac
522 3356 741 3418 postponentes
774 3343 869 3417 legem
894 3343 1005 3400 Christi
1042 3356 1071 3399 et
1094 3362 1181 3398 suum
1208 3344 1352 3399 honorem

166 3435 301 3522 ⁵1¹1¹Jip⁰ss¹²f⁵
302 3428 339 3522 dg*
368 3447 458 3504 quem
471 3429 591 3488 Christo
608 3429 775 3487 tribuerent
799 3450 860 3487 non
877 3429 983 3487 odiunt
1000 3432 1146 3487 honorem
1165 3444 1216 3487 aut
1241 3430 1352 3487 famam

199 3492 312 3574 inishhn
369 3517 472 3588 seculi,
510 3532 543 3575 ut
572 3517 710 3576 Christus
742 3517 882 3593 precipit,
921 3531 949 3574 et
974 3519 1069 3574 multo
1097 3517 1269 3574 evidencius
1293 3537 1354 3574 non

153 3584 459 3679 ‘avg‘fflsyiss'fssffi’vitam
484 3606 640 3680 propriam
657 3608 720 3664 sine
745 3606 829 3664 cuius
846 3604 917 3663 odio
934 3625 995 3661 non
1018 3619 1144 3680 possunt
1161 3623 1224 3662 esse
1242 3604 1353 3662 Christi
1365 3607 1396 3658 35

369 3692 508 3767 discipuli
531 3695 577 3750 vel
601 3694 709 3750 salvari
754 3697 789 3750 Et
821 3711 927 3750 omnes
951 3694 1096 3749 debemus
1120 3693 1227 3748 timere
1251 3711 1287 3749 ne
1311 3692 1353 3748 in·

369 3780 506 3837 cidamus
536 3781 565 3836 in
589 3779 676 3837 istam
704 3780 831 3837 heresim
857 3781 923 3854 plus
947 3781 992 3836 vel
1018 3779 1125 3836 minus.
1161 3779 1248 3835 hlutri
1273 3779 1351 3834 enim

369 3881 493 3942 propter
525 3867 665 3924 timorem
690 3867 826 3923 servilem
851 3866 1048 3924 consenciunt
1072 3867 1120 3924 isti
1144 3867 1251 3941 heresi,
1274 3879 1353 3921 stare

369 3974 425 4029 pro
459 3954 517 4011 fide
543 3954 664 4012 Domini
687 3972 748 4010 non
771 3956 931 4015 audentes:
967 3955 1057 4010 etde
1086 3953 1166 4010 mille
1190 3953 1234 4009 vix
1259 3972 1350 4008 unum

370 4042 500 4115 reperies
524 4043 597 4117 quin
625 4041 664 4097 sit
697 4060 823 4098 consens
848 4041 935 4098 huius
964 4043 1141 4099 maculatus.
1171 4043 1241 4097 ldeo
1267 4039 1396 4105 multi4o

370 4129 556 4185 descendunt
591 4131 628 4184 ad
653 4127 807 4184 diabolum
833 4128 863 4184 in
887 4127 1063 4202 ignorancia
1089 4127 1289 4196 dormientes;
1325 4141 1352 4183 et

421 4431 451 4476 35.
469 4435 503 4476 A:
519 4438 662 4487 conpareat.
