3098 5130
582 472 672 525 opos
690 469 943 524 EVANGELICUM
964 471 1027 525 iso.
1047 471 1088 523 111.
1142 451 1225 540 [cnr.
1242 464 1331 514 xxm.

341 635 447 701 animo,
472 651 527 690 non
551 653 601 692 ore
624 635 676 691 sed
698 636 796 707 corde,
821 651 876 692 nou
901 634 996 691 uerbis
1018 634 1071 692 sed
1086 632 1159 712 fide.
1186 633 1233 691 De
1256 650 1333 709 quo·

341 723 414 777 libus
438 722 506 778 dicit
526 723 688 797 propheta:
711 724 875 779 Dexteram
892 733 970 778 tuam
987 722 1029 778 sic
1052 732 1149 778 notam
1172 722 1224 792 sac
1240 721 1337 778 michi

340 820 367 864 et
391 810 522 866 eruditos
544 810 634 866 corde
656 810 684 865 in
706 809 861 886 sapienc‘a.

384 896 466 952 Misit
481 896 601 966 scribas,
618 896 648 952 id
663 907 714 967 est,
728 897 923 975 presbyteros
939 910 965 953 et
982 897 1127 969 diaconos,
1148 907 1177 952 et
1185 895 1333 971 jecerunt

341 984 382 1040 eis
410 983 507 1058 qualia
522 984 663 1058 jecerunt
687 984 841 1059 prophetis
864 997 891 1040 et
921 984 1061 1060 apostolis
1088 995 1116 1040 et
1142 983 1360 1062 martyribuss

337 1082 441 1146 patres
464 1089 582 1139 eorum;
614 1070 729 1146 quidem
759 1071 843 1147 passi
873 1083 939 1127 sunt
967 1071 1002 1126 ab
1030 1070 1164 1127 hereticis
1193 1070 1333 1146 patribus

342 1159 446 1214 uestris
477 1157 574 1213 nuilus
607 1157 736 1235 ignorat.
769 1158 898 1214 Recedet
936 1159 972 1215 de
1006 1157 1102 1215 medio
1134 1157 1332 1214 testimonium

340 1245 567 1321 scripturarum.
593 1245 659 1320 Ipse
680 1245 755 1301 enim
772 1255 814 1300 est
838 1256 921 1301 actus
943 1245 1092 1302 hominurn
1112 1263 1171 1321 per
1193 1244 1333 1322 singulas

341 1332 550 1410 generaciones
573 1331 748 1401 decurrens;
774 1330 884 1408 sufficit
906 1332 946 1388 ad
968 1333 1162 1389 testimonium
1187 1331 1331 1388 ueritatis,

347 1420 406 1488 Qui
427 1429 493 1475 sunt
508 1418 570 1495 filii
589 1419 805 1495 prophetarum
830 1429 857 1475 et
879 1419 1081 1495 apostolorum
1105 1430 1133 1475 et
1156 1428 1331 1497 martyrum
1347 1445 1378 1479 ιο

339 1506 571 1582 persecucionem
581 1506 760 1582 paciencium
777 1524 904 1583 semper,
919 1517 946 1562 et
963 1506 1012 1582 qui
1020 1517 1086 1562 sunt
1094 1505 1156 1582 filii
1172 1505 1332 1562 Iudeorurn

341 1605 427 1669 atque
456 1593 609 1671 gentilium
638 1593 875 1669 persequencium
904 1612 1028 1670 semper.
1074 1593 1153 1662 Quid
1184 1611 1257 1669 opus
1288 1604 1334 1650 est

344 1681 438 1736 uerbis
448 1681 488 1735 ad
494 1680 700 1756 probacionem
715 1680 834 1758 generis
844 1680 944 1751 uestri,
955 1699 1019 1737 curn
1033 1699 1081 1737 res
1096 1680 1159 1756 ipsa
1176 1680 1335 1754 quuatur?

348 1768 436 1835 Quod
468 1778 565 1824 autem
595 1768 680 1823 dicit:
708 1778 738 1822 ut
766 1767 861 1823 ueniat
883 1785 973 1843 super
1000 1785 1051 1824 vos
1083 1767 1177 1824 omnis
1208 1767 1334 1846 sanguis

342 1855 434 1910 iustus
456 1855 630 1932 asanguine
645 1854 717 1910 Abel
740 1872 828 1931 usque
849 1857 889 1910 ad
910 1854 1081 1933 sanguinem
1098 1855 1251 1927 Zacharie,
1275 1873 1333 1912 non
1348 1865 1377 1916 15

343 1942 382 1997 ita
420 1954 462 1997 est
500 1942 731 2018 intelligendum,
773 1953 803 1996 ut
841 1942 967 1998 ornnium
1002 1941 1230 2020 generacionum
1260 1960 1333 2017 pre·

343 2029 506 2085 cedencium
520 2029 757 2104 persecucionum
785 2029 889 2086 merita
912 2028 1069 2107 generacio
1090 2047 1146 2085 una
1165 2029 1332 2105 persoluat.

343 2116 404 2171 Nec
438 2116 512 2171 enim
544 2127 587 2172 est
619 2117 735 2188 iustum,
769 2128 800 2173 ut
834 2117 910 2173 aiter
939 2135 998 2193 pro
1032 2116 1155 2172 alterius
1189 2116 1335 2191 puniatur

339 2204 477 2278 peccatis,
505 2204 559 2258 sed
594 2222 657 2260 curn
687 2204 715 2259 iu
744 2205 790 2260 die
818 2204 943 2260 vindicte
972 2221 1138 2279 unaqueque
1172 2204 1334 2281 generacio

340 2291 442 2365 punita
459 2290 559 2365 suerit
579 2310 637 2367 pro
656 2294 717 2347 suis
738 2292 875 2367 peccatis,
899 2290 936 2347 de
958 2291 1013 2347 hac
1029 2308 1085 2345 una
1108 2301 1135 2346 et
1158 2290 1221 2366 ipsa
1244 2309 1379 2369 gene-20

129 2406 166 2447 A„
182 2404 325 2447 tnewicked
343 2378 463 2434 racione
496 2378 640 2433 videbitur
670 2379 846 2435 uindicatum
879 2396 949 2434 esse.
994 2377 1127 2434 Omnium
1169 2378 1244 2432 enirn
1278 2378 1334 2433 ini-

131 2456 331 2562 ggffssggfl‘cfffissssg
343 2482 465 2540 quorum
490 2476 517 2521 et
528 2483 618 2542 perse
637 2460 642 2548 Α
662 2476 795 2522 cutorum
813 2476 839 2522 et
855 2464 1068 2521 homicidarum
1085 2482 1102 2519 a
1124 2463 1220 2543 Cayrn
1244 2482 1337 2540 usque
1362 2459 1427 2524 4¹3⁸

342 2553 382 2607 ad
401 2551 494 2629 finem
524 2571 580 2608 una
607 2553 765 2630 generacio
796 2563 855 2620 est,·
886 2563 913 2608 et
939 2552 966 2608 si
993 2570 1049 2607 non
1077 2562 1144 2607 sunt
1175 2570 1276 2609 omncs
1304 2552 1335 2609 in

342 2649 474 2715 tempore
513 2657 578 2709 uno,
618 2658 716 2696 omues
754 2651 850 2697 tamen
888 2651 956 2696 sunt
984 2638 1047 2716 filii
1073 2638 1274 2714 persecutoris
1307 2651 1336 2696 ct

343 2727 486 2782 homicide
519 2726 598 2781 iilius
629 2726 742 2804 Caym:
766 2727 833 2783 Ideo
866 2736 893 2782 et
924 2726 996 2782 alibi
1027 2725 1113 2782 dicit:
1144 2726 1235 2782 Amen
1268 2726 1379 2790 dicons

343 2814 438 2869 uobis.-
462 2814 527 2868 Non
551 2814 685 2869 transibit
700 2813 856 2891 generacio
872 2815 933 2884 hec,
957 2814 1048 2869 donec
1075 2813 1171 2868 omnia
1185 2813 1274 2889 fiant.
1298 2814 1337 2869 Id

342 2912 394 2971 est,
412 2902 501 2956 donec
517 2900 676 2975 impleatur
692 2920 776 2958 omne
796 2900 957 2957 misterium
976 2900 1138 2957 vocacionis
1153 2912 1333 2973 sanctorum,

343 2998 373 3042 ut
398 2997 469 3062 puta
498 2987 604 3065 Caym,
629 2999 802 3063 persecutor
824 2988 905 3060 Atel,
929 2997 1062 3044 mortuus
1087 2998 1140 3059 est,
1158 2988 1242 3063 sacti
1265 3000 1334 3045 sunt

341 3074 480 3151 gigantes
512 3087 718 3149 persequentes
743 3075 828 3154 filios
858 3075 937 3132 Sem.
966 3074 1044 3131 Ecce
1075 3073 1171 3152 Cayrn
1205 3075 1332 3147 transiit,

342 3161 394 3216 sed
421 3162 577 3238 generacio
601 3162 663 3237 ipsa
696 3163 787 3218 stetit:
811 3163 965 3239 perierunt
987 3162 1126 3240 gigantes
1153 3162 1182 3218 in
1211 3162 1332 3235 diluvio,
1345 3176 1378 3227 30

342 3249 395 3303 sed
426 3248 487 3303 nati
517 3261 584 3305 sunt
612 3267 651 3305 en·
678 3249 770 3304 Citam
799 3249 928 3305 Cananei
958 3260 984 3305 et
1013 3260 1108 3305 cetere
1133 3260 1235 3327 gentes
1258 3267 1332 3326 per-

341 3346 490 3410 sequentes
504 3336 589 3411 filios
613 3338 689 3395 Sem.
717 3337 860 3414 Gigantes
882 3336 1070 3407 transierunt,
1099 3334 1152 3392 sed
1172 3337 1332 3414 generacio

343 3423 405 3498 ipsa
433 3422 510 3477 stetit
548 3424 703 3478 secundum
734 3424 870 3479 animam.
907 3423 1036 3480 Cananei
1067 3423 1102 3478 de
1137 3423 1334 3500 generacione

343 3521 426 3565 erant
472 3529 574 3565 eorum
623 3511 786 3585 iniquorum
824 3511 874 3586 qui
908 3510 1035 3585 suerunt
1073 3520 1140 3566 ante
1178 3510 1331 3568 diluuium.

343 3597 514 3672 interempti
542 3608 607 3653 suru
644 3598 773 3652 Canunei
799 3615 837 3653 ex
862 3609 950 3672 parte
977 3617 994 3652 a
1015 3597 1092 3674 filiis
1125 3597 1229 3669 lsrael,
1256 3598 1375 3663 sicut33

343 3685 484 3763 Ieginms;
514 3703 553 3741 ex
576 3686 616 3740 eis
633 3685 714 3759 sacti
736 3696 800 3740 sum
824 3684 987 3762 alienigene
1009 3685 1058 3759 qui
1082 3695 1333 3761 persequerentur

342 3772 459 3831 Judeos.
485 3773 561 3828 Ecce
584 3773 629 3827 iiii
651 3773 832 3828 transierunt
860 3773 911 3827 sed
932 3772 1089 3848 generacio
1113 3789 1213 3829 eorum
1241 3772 1331 3835 stetit.

394 4044 417 4080 a.
433 4029 462 4071 B:
476 4029 670 4091 predicatorem!
685 4030 802 4090 diaconos.
844 4029 865 4070 6.
876 4029 979 4096 Rectius:
993 4030 1164 4084 Quantapasu'.
1205 4039 1284 4073 to-n.
1294 4030 1332 4073 As

340 4082 733 4189 nutemus-iststosne
757 4082 1031 4189 ‘fictitium
1046 4093 1076 4125 ¹²·
1097 4083 1137 4177 ’ξεῖ
1149 4084 1333 4188 XXXX?

343 4147 404 4247 ¹Nota
418 4187 447 4228 tie
461 4187 551 4229 urn'tate
564 4187 729 4247 generacionis
744 4163 951 4248 licei-temporibus
964 4168 1069 4248 diuersi&
1124 4188 1158 4231 28.
1175 4187 1206 4229 B:
1221 4190 1245 4228 ut
1275 4165 1335 4239 utu}

342 4240 386 4281 alio
402 4251 471 4280 mann
486 4239 552 4291 ndi:
560 4237 619 4294 suu.
679 4251 714 4293 oo.
730 4241 840 4292 Axsttros
854 4241 930 4292 dcest;
946 4239 962 4281 B
978 4252 1000 4283 in
1017 4251 1090 4294 marg.
1105 4238 1178 4282 addit.
1273 4270 1278 4280 .
1294 4240 1331 4283 A:

344 4291 451 4334 Conanei
462 4292 631 4347 generaciones
645 4297 721 4334 erant.
776 4293 811 4335 315.
826 4291 855 4334 B:
871 4297 943 4335 etex.

397 4433 420 4467 2.
440 4417 535 4466 Psaim.
554 4416 642 4480 XCIX,
666 4432 703 4467 ια.
777 4417 807 4468 25
836 4416 925 4467 matth.
944 4418 1034 4480 XXIV,
1054 4419 1094 4483 34.
