3098 5130
210 502 279 546 err.
295 488 352 571 vr]
526 509 571 558 nr,
590 509 828 560 aurrctuusro
849 512 910 561 tin.
931 511 949 561 1.

253 670 392 725 Secunda
426 683 527 726 autem
551 689 621 744 pars
644 671 768 728 ecclesie
792 673 885 746 paulo
907 673 1046 747 superior
1073 687 1198 731 vocatur

210 755 336 813 ecclesia
360 757 591 828 dormiencium,
617 772 648 815 ut
665 774 734 817 sunt
755 758 951 835 predestinati
968 760 1020 835 qui
1037 760 1197 836 quiescunt

210 843 240 899 in
264 843 441 918 purgatorio
465 860 494 901 et
518 849 757 920 correspondent
780 849 912 904 secunde
935 848 1014 922 parti
1039 847 1197 906 militantis

209 930 335 988 ecclesie
358 931 473 989 seilicet
496 933 665 990 defensorie
680 936 726 991 vel
743 933 842 991 ordini
861 934 993 994 militari.
1018 937 1077 992 lsta
1093 950 1196 993 autem

187 1037 279 1091 5pars
304 1018 416 1075 dormit
439 1020 579 1094 nimium,
605 1040 672 1077 cum
698 1023 811 1079 utendo
835 1021 978 1096 potencia
1001 1025 1040 1079 ad
1057 1024 1196 1097 regulan-

209 1107 280 1161 dum
305 1106 463 1164 ecclesiam
490 1108 544 1164 Dei
570 1107 770 1166 ministerium
795 1122 956 1166 exerceret.

116 1195 180 1255 ruti*
250 1193 359 1250 Tereia
383 1208 483 1252 autem
504 1197 509 1269 1
529 1213 600 1270 pars
621 1196 747 1253 ecclesie
763 1196 911 1254 catholice
926 1210 1053 1254 vocatur
1068 1197 1194 1256 ecclesia

208 1279 467 1355 triumphaneium
485 1296 514 1339 et
530 1286 747 1358 correspondet
764 1285 845 1341 clero
861 1283 913 1359 qui
929 1285 1019 1342 debet
1043 1302 1108 1342 esse
1123 1304 1195 1360 pars

207 1386 349 1440 suprema
374 1369 499 1427 ecclesie
523 1369 691 1428 militantis.

167 1491 196 1524 ,0
249 1457 377 1530 Propter
399 1456 491 1513 istum
515 1460 644 1533 gradum
668 1458 818 1533 triplicem
845 1472 952 1532 putant
975 1457 1101 1533 quidam
1125 1477 1194 1534 pro·

207 1541 347 1601 babiliter
379 1546 461 1619 quod
494 1544 669 1602 universalis
703 1545 829 1603 ecclesia
852 1559 978 1604 vocatur
1001 1564 1125 1624 regnum
1149 1565 1194 1604 ce-

206 1629 311 1686 lorum.

250 1720 390 1775 Secundo
422 1732 529 1775 notant
562 1720 687 1795 quidam
726 1738 820 1796 quare
852 1719 985 1795 apostoli
1017 1719 1193 1795 quesierunt
1230 1721 1385 1820 Reqsonsqor

207 1805 295 1861 istam
320 1805 509 1881 questionem
534 1826 550 1864 a
573 1807 714 1864 Domin0.
740 1811 776 1865 Et
792 1807 946 1882 assignant
971 1805 1122 1881 triplicem
1146 1826 1193 1864 ra·
1239 1784 1376 1884 admiraldi

167 1892 325 1950 ticionem
361 1894 558 1968 probabilem,
592 1894 690 1968 prima
722 1895 793 1971 quia
821 1896 914 1970 paulo
942 1908 1012 1951 ante
1035 1895 1194 1952 laborabat

206 1979 235 2035 in
252 1983 346 2037 ludea
369 1980 472 2055 opinio
496 1981 526 2038 in
550 1981 683 2052 diversis,
709 1983 758 2039 alii
783 1984 943 2057 opinantes
959 1982 1041 2057 quod
1058 1981 1193 2056 Baptista

206 2067 261 2123 fuit
285 2068 384 2125 maior
416 2068 446 2124 in
478 2069 606 2126 ecclesia
630 2069 789 2141 militante,
823 2085 852 2127 et
875 2069 926 2127 alii
950 2070 1032 2144 quod
1056 2068 1194 2126 Christus

206 2154 261 2210 fuit
286 2155 393 2225 maior,
418 2168 450 2211 ut
475 2171 557 2230 patet
581 2175 614 2213 ex
631 2158 760 2214 decursu
784 2156 940 2232 evangelii.
964 2159 1035 2213 ldeo
1059 2155 1108 2211 isti
1132 2155 1193 2212 dis·

206 2241 297 2316 cipuli
322 2243 534 2300 desiderabant
569 2263 751 2318 cognoscere
775 2245 863 2301 huius
887 2241 1056 2318 questionis
1081 2261 1193 2318 propo·

163 2345 194 2377 20
205 2329 260 2386 site
283 2330 450 2387 veritatem.

247 2417 386 2474 Terciam
421 2431 522 2474 autem
557 2437 678 2475 causam
713 2418 845 2491 assignat
867 2420 1045 2490 leronymus
1079 2416 1110 2473 in
1133 2417 1410 2516 hocchristshanswer

204 2504 272 2560 loco
296 2519 406 2563 notans
431 2508 586 2579 quomodo
604 2505 741 2563 Christus
757 2505 849 2579 paulo
873 2518 942 2562 ante
964 2504 996 2560 in
1020 2507 1076 2562 hac
1092 2504 1190 2562 forma
1233 2482 1375 2569 dendiusiuiie

205 2592 292 2648 solvit
316 2593 463 2649 tributum
489 2592 594 2649 cesari.
618 2591 771 2649 Mandavit
796 2592 918 2667 quidem
943 2594 1032 2649 Petro
1055 2573 1407 2674 ⁵5ss8⁰¹³·evlii'iilltllln

205 2678 277 2735 riter
310 2683 392 2754 quod
424 2680 481 2735 iret
516 2682 553 2735 ad
588 2698 670 2737 mare
703 2693 731 2736 et
765 2693 886 2755 caperet
910 2692 1052 2736 staterem
1077 2679 1114 2735 de
1137 2696 1190 2735 ore
1235 2680 1371 2776 misebsjrom

163 2766 304 2840 23piscis.
338 2768 435 2838 Solve,
468 2766 576 2841 inquit,
605 2786 664 2841 pro
696 2786 742 2823 me
774 2778 801 2823 et
829 2785 888 2843 pro
920 2778 956 2838 te,
988 2766 1038 2822 ubi
1071 2764 1189 2822 videtur
1244 2742 1365 2778 aminon.

204 2872 374 2928 proponere
397 2855 509 2910 nedum
527 2856 649 2910 Petrum
673 2869 829 2929 tamquam
847 2855 1019 2928 generalem
1043 2851 1189 2911 vicarium

203 2941 248 2995 sui
283 2941 411 3015 collegii.
446 2943 514 2997 ldeo
548 2941 667 2998 videtur
698 2944 788 2998 verba
821 2942 878 3000 ista
902 2943 990 2998 Solve
1013 2960 1072 3018 pro
1095 2959 1141 2998 me
1163 2952 1190 2996 et

200 3045 257 3102 pro
289 3040 317 3085 te
348 3047 457 3084 sonare
491 3031 573 3103 quod
599 3028 736 3085 Christus
761 3032 882 3086 Petrum
907 3029 1047 3085 insnum
1072 3026 1189 3085 socium

203 3115 374 3189 adequavit.
399 3120 430 3172 ln
455 3115 512 3172 ista
535 3115 637 3190 itaque
661 3116 819 3191 questione
842 3115 891 3173 isti
908 3114 1048 3190 discipuli
1065 3115 1192 3172 fluctua-

161 3216 285 3274 2t‹‚runt;
317 3206 399 3278 quod
432 3201 551 3259 videtur
579 3203 679 3260 notari
703 3223 756 3277 per
780 3205 837 3260 hoc
860 3222 973 3261 nomen
1001 3203 1064 3278 quis
1092 3213 1189 3279 putas.

202 3290 266 3345 lstis
303 3293 420 3347 duobus
453 3290 566 3346 notatis
599 3291 714 3348 solucio
748 3290 872 3348 Domini
905 3306 948 3349 est
979 3292 1128 3365 notanda;
1161 3303 1190 3346 et

201 3378 272 3450 quia
296 3378 381 3435 scirit
406 3396 539 3434 errorem
564 3377 644 3435 circa
668 3378 858 3453 questionem
877 3378 964 3436 istam
983 3379 1082 3435 facere
1107 3397 1189 3451 mag-

200 3484 273 3519 num
307 3467 473 3539 dampnum
508 3465 632 3522 ecclesie
664 3465 696 3522 in
728 3467 874 3537 futurum,
914 3465 982 3523 ideo
1014 3465 1189 3540 signancius
1208 3480 1259 3523 Tne
1273 3481 1335 3524 child
1351 3495 1400 3525 was

201 3552 288 3609 solvit
313 3553 400 3609 istam
427 3566 488 3609 tam
514 3570 605 3626 opere
629 3572 720 3628 quam
745 3571 895 3624 sermone,
920 3555 992 3610 dum
1011 3552 1112 3627 primo
1136 3552 1188 3610 ad·
1219 3533 1384 3639 pffl'ssi'ffie·

160 3649 288 3699 invocat
322 3660 413 3695 unum
448 3640 606 3714 parvulum
632 3640 717 3716 quasi
747 3641 951 3711 innocentem,
976 3659 1036 3697 non
1062 3639 1187 3694 dubium

201 3726 273 3799 quin
307 3729 345 3783 ab
369 3746 404 3783 eo
429 3729 467 3782 ad
493 3726 621 3801 patriam
658 3727 844 3802 ordinatum,
876 3740 905 3783 et
929 3726 995 3802 ipso
1019 3740 1133 3784 statuto
1158 3724 1187 3780 in

203 3813 300 3870 medio
325 3833 429 3870 eorum
459 3812 532 3870 dicit
557 3814 656 3888 primo
688 3818 770 3888 quod
794 3814 850 3870 nisi
876 3813 1012 3871 conversi
1036 3813 1146 3870 fuerint
1171 3831 1188 3868 a

201 3901 399 3958 contencione
422 3920 475 3958 sua
500 3901 641 3975 superbia
664 3903 703 3958 ad
727 3901 940 3973 humilitatem,
974 3920 1034 3957 non
1058 3915 1128 3958 suut
1151 3901 1189 3956 dc

199 3988 327 4045 ecclesia
353 3987 511 4046 militante.

252 4213 266 4243 r.
282 4201 341 4244 Ain
358 4211 443 4254 marga
459 4204 480 4242 2.
538 4211 558 4241 2.
583 4202 617 4243 A:
642 4201 808 4261 dormieram,-
833 4200 864 4242 ib.
889 4199 918 4242 B:
944 4201 967 4242 el
992 4205 1053 4260 runt.
1116 4196 1134 4240 3.
1151 4201 1186 4242 A:

198 4254 417 4311 correspondenter.
460 4304 464 4311 Ι
496 4252 517 4294 8.
533 4252 622 4314 codd:
637 4252 828 4307 triumphantum.
924 4249 953 4313 1¹3.
974 4254 996 4295 Α
1010 4264 1034 4294 m
1049 4263 1136 4346 marq:
1159 4251 1187 4328 B.

199 4305 490 4400 l›itii1.iilli¹³illii.⁸'b'
506 4307 540 4347 A:
557 4303 634 4346 Primo
648 4309 732 4347 autem.
789 4317 820 4358 ro.
836 4304 866 4346 li:
881 4304 1049 4347 desiderabant.
1118 4304 1140 4347 6.
1156 4304 1185 4346 tt.

254 4448 292 4497 25.
314 4448 402 4496 llattlr.
422 4449 499 4509 XVll,
520 4447 563 4497 26:
584 4448 662 4498 Illum
683 4461 797 4506 sumens,
817 4446 855 4496 da
874 4447 913 4497 eis
927 4461 982 4509 pro
1002 4454 1087 4496 meet
1106 4454 1139 4497 te.
