3098 5130
218 466 284 512 cnr.
300 448 374 538 tm]
510 474 555 524 oe
575 475 813 528 nurtcnnrsro
833 478 897 528 rte.
918 479 935 527 1.

597 649 702 716 CAP.
725 650 822 714 LIX.

260 813 403 887 Sequitur
427 813 457 869 in
480 827 561 870 textu
585 813 725 875 Matthei:
751 815 832 870 Sicut
854 826 949 871 autem
966 815 1030 891 suit
1054 816 1082 871 in
1102 816 1202 873 diebus

217 900 289 969 Noe,
313 901 353 956 ita
377 901 433 957 erit
456 913 484 957 et
506 901 648 958 adventus
662 901 726 978 filii
748 901 888 972 hominis·
918 902 992 958 sicut
1019 903 1093 958 eninr
1118 915 1203 959 erant

215 987 243 1040 in
268 988 366 1043 diebus
389 1000 457 1044 ante
479 989 620 1045 diluvium
644 989 826 1045 comedentes
856 1001 883 1045 et
905 990 1041 1061 bibentes,
1065 991 1202 1047 nubentes

192 1082 242 1132 §.et
266 1076 369 1150 nuptui
390 1076 539 1132 tradentes
560 1094 649 1152 nsque
671 1077 711 1131 ad
733 1095 796 1132 eum
819 1077 895 1133 diem
919 1095 974 1152 quo
994 1078 1114 1133 intrauit
1138 1078 1202 1133 Noe

215 1164 242 1217 in
266 1181 380 1229 arcam,
419 1175 446 1219 et
479 1182 534 1219 non
558 1175 760 1241 cognorerunt
793 1164 883 1220 donec
911 1164 986 1220 venit
1010 1165 1150 1220 diluvium
1174 1176 1201 1220 et

120 1240 182 1302 42⁶¹
215 1251 279 1305 rutit
302 1268 416 1318 omnes;
438 1252 477 1306 ita
501 1250 557 1307 erit
579 1263 607 1308 et
629 1251 772 1308 adventus
785 1251 849 1328 filii
870 1252 1004 1307 hominis.
1026 1247 1030 1330 Ι

258 1340 356 1412 Super
380 1357 441 1412 quo
457 1341 650 1412 jeronymus:
680 1338 823 1406 Queritur
845 1340 989 1412 quomodo
1013 1339 1200 1415 suprascrip·
1260 1363 1363 1408 Jerome=

215 1437 273 1480 tum
298 1426 350 1481 sit:
388 1426 499 1503 Surget
522 1444 596 1503 gens
628 1438 731 1482 contra
754 1437 870 1503 gentem
895 1437 922 1481 et
946 1444 1071 1504 regnum
1094 1438 1197 1482 contra
1217 1415 1413 1526 ὦῑῗίῇῗὲζξὲθξγ

175 1532 350 1590 toregnum,
389 1525 415 1568 et
438 1525 523 1570 eruut
551 1513 719 1589 pestilencie
750 1524 776 1568 et
790 1514 895 1588 santes
918 1525 944 1569 et
972 1525 1150 1570 terremotus
1173 1525 1199 1570 et
1275 1533 1351 1576 peace.

214 1620 289 1657 stunc
311 1620 344 1657 ea
362 1601 472 1674 futura
497 1613 705 1668 memorentur,
729 1618 783 1674 que
801 1601 885 1676 pacis
909 1600 1015 1657 indicia
1039 1613 1115 1658 sunt.
1140 1602 1200 1657 Sed

212 1689 439 1745 existimandum
473 1700 514 1744 est
547 1689 629 1745 iuxta
653 1688 824 1763 Apostolum
848 1688 925 1763 quod
946 1700 1012 1763 post
1034 1706 1150 1767 pugnas
1173 1700 1199 1745 et

213 1777 414 1848 dissensiones,
435 1776 620 1852 pestilencias
642 1787 670 1832 et
684 1777 787 1851 santes
810 1787 838 1832 et
853 1787 1029 1833 terremotus
1053 1787 1079 1832 et
1102 1788 1199 1835 cetera

211 1865 313 1938 quibus
344 1882 437 1942 genus
476 1875 611 1920 uastatur
643 1864 800 1919 humanum
833 1863 916 1919 brevi
945 1865 1135 1920 subsecutura
1163 1864 1200 1919 sit

174 1958 200 2007 15
209 1969 274 2026 pax
300 1970 354 2026 que
384 1952 479 2027 quieta
508 1951 604 2007 omnia
628 1950 825 2026 repromittat,
858 1961 889 2005 ut
902 1951 983 2026 fides
1015 1952 1198 2009 credencium

212 2040 418 2114 comprobetur
441 2049 538 2094 utrum
563 2039 720 2094 transactis
743 2037 829 2094 matis
852 2037 973 2094 iudicem
998 2050 1115 2114 sperent
1138 2058 1200 2095 esse

214 2137 376 2182 uenturum.
405 2126 471 2181 Hoc
495 2138 537 2182 est
553 2125 627 2180 eninr
651 2126 729 2201 quod
743 2125 770 2179 in
788 2124 881 2180 Paulo
905 2126 1046 2202 legimus:
1074 2127 1198 2194 Quando

213 2213 343 2270 dixerint
376 2230 442 2289 pax
472 2224 500 2268 et
530 2214 683 2283 securitas,
721 2223 788 2268 tunc
821 2213 991 2288 repentinus
1021 2212 1061 2268 eis
1097 2231 1198 2289 super·

213 2302 304 2357 reniet
327 2301 471 2369 interitus,
494 2301 567 2357 sicut
596 2300 683 2356 doior
702 2299 896 2375 parturientis
919 2311 945 2355 et
969 2317 1025 2355 non
1048 2301 1197 2377 effugient.

169 2410 200 2443 20
213 2389 275 2445 Hec
297 2391 485 2462 leronymus.

253 2474 380 2531 Videtur
404 2475 494 2531 istum
512 2486 650 2532 sanctum
674 2475 797 2529 horrere
821 2472 992 2548 quindecim
1019 2473 1100 2531 dicta
1124 2493 1197 2549 apo·
1247 2492 1339 2553 brunger
1353 2494 1380 2538 ot

211 2562 283 2619 crifa
308 2581 366 2637 que
390 2575 555 2619 narrantur
583 2563 619 2617 de
643 2579 785 2635 processu
810 2559 869 2617 diei
893 2559 1007 2632 iudicii,
1047 2560 1118 2635 quia
1145 2546 1415 2654 illadfss‘ffiflsssssnff‘

210 2668 264 2706 nec
281 2650 446 2706 fundantur
463 2648 635 2706 rosionibus
652 2666 707 2706 nec
723 2647 886 2723 scriptura;
912 2660 941 2703 et
958 2666 1027 2705 cum
1045 2648 1075 2704 in
1092 2666 1197 2706 eorum

210 2737 380 2793 assercione
405 2735 481 2793 iacet
506 2735 685 2812 periculum,
709 2749 846 2792 sanctum
879 2748 908 2791 et
933 2736 1053 2792 salubre
1079 2734 1198 2793 videtur

168 2822 198 2871 25
212 2823 276 2897 ipsa
293 2823 456 2880 dimittere.
481 2824 530 2881 Sic
554 2822 633 2879 enirn
658 2822 724 2898 capi
742 2835 842 2897 posset
858 2822 1027 2897 apocrifum
1052 2834 1086 2879 ut
1109 2841 1197 2880 evan-

210 2911 320 2984 gelium
347 2924 374 2968 et
399 2910 509 2967 dimitti
542 2909 681 2967 doctrina
713 2908 843 2966 salubris
876 2928 1046 2984 perquam
1071 2910 1197 2967 ecclesia

211 2998 426 3055 informaretur
459 2997 489 3054 in
516 2997 650 3054 moribus
674 3010 703 3055 et
726 2996 844 3072 peccati
876 2995 986 3054 vicium
1012 3011 1196 3072 precaveret.

212 3087 276 3142 Hoc
308 3099 411 3143 tamen
443 3085 562 3142 videtur
596 3100 733 3142 sanctum
763 3102 897 3142 asserere
924 3085 1005 3158 quod
1039 3083 1197 3159 inopinate

212 3187 239 3229 et
263 3172 417 3247 incognite
440 3176 581 3230 succedet
598 3172 660 3229 dies
683 3172 798 3244 iudicii,
826 3171 903 3228 sicut
926 3171 982 3227 tuit
1006 3172 1043 3228 de
1067 3174 1196 3229 adventu

170 3259 331 3331 iodiluvii3
369 3273 397 3316 et
429 3259 548 3317 videtur
577 3258 763 3333 evangelium
803 3276 940 3334 expresse
968 3258 1068 3314 dicere
1108 3259 1195 3316 istam

211 3347 407 3404 sentenciam.

254 3434 397 3509 Sequitur
421 3447 522 3491 autem
540 3448 636 3491 textus
653 3432 798 3507 evangelii
820 3434 875 3489 sub
900 3435 955 3489 hac
979 3432 1092 3489 forma:
1121 3435 1196 3490 Tunc

211 3522 268 3577 duo
291 3533 377 3577 erunt
404 3521 431 3576 iu
455 3540 542 3599 agro,
567 3540 640 3578 unus
659 3532 825 3577 assumetur
852 3532 879 3576 et
908 3521 985 3576 alter
1006 3521 1196 3595 relinquetur,

211 3609 266 3664 due
288 3620 372 3665 erunt
396 3609 536 3664 molentes
551 3609 579 3663 in
596 3627 652 3663 una
673 3609 761 3677 moia,
784 3627 839 3663 una
863 3617 1030 3664 assumetur
1052 3618 1079 3664 et
1101 3608 1195 3663 altera

168 3695 400 3771 35re1inquetur‚
425 3697 481 3752 duo
505 3696 533 3751 in
557 3697 648 3752 lecto:
671 3714 744 3751 unus
766 3705 934 3751 assumetur
956 3706 983 3750 et
1006 3694 1083 3750 aiter
1107 3694 1195 3751 relin-

210 3794 322 3857 quatur.

277 4073 604 4130 1.A:Cap.LVII.B:49.
660 4072 677 4116 5.
695 4073 763 4116 Bzr'n
778 4085 832 4127 quo.
886 4071 1195 4129 8.Ainmarg.:terony-

210 4139 362 4223 ponamin.
379 4130 412 4169 A:
428 4126 595 4177 estimandum
609 4131 649 4185 est.
708 4126 735 4170 15.
746 4125 777 4168 B:
788 4126 830 4181 qui
838 4125 923 4180 quieta.
986 4136 1016 4168 at.
1032 4128 1054 4170 Α
1068 4125 1091 4168 in
1107 4137 1193 4178 mersa:

264 4358 286 4391 2.
300 4341 390 4390 Matth.
409 4343 499 4405 XXIV,
519 4343 629 4409 37-39.
675 4341 700 4391 8.
716 4342 820 4392 Comm.
835 4343 860 4390 in
873 4340 962 4390 Matth.
977 4342 993 4391 l.
1013 4357 1035 4391 c.
1055 4356 1114 4406 pag.
1134 4356 1193 4391 noo.

214 4427 251 4476 ¹7·
271 4413 288 4461 i.
308 4411 403 4461 Thess.
421 4413 453 4473 V,
474 4414 497 4464 3.
575 4413 614 4464 32.
634 4411 725 4462 Mettis.
744 4412 839 4471 XXIV,
866 4426 980 4474 40—41.
