3098 5130
597 468 687 516 orus
707 467 957 515 evinoiziicuii
981 467 1043 514 ιιιι.
1064 467 1104 515 ιιι.
1201 448 1282 529 [cie.
1298 461 1354 504 iiii.

367 628 530 684 benevolus
547 642 575 683 et
595 631 673 683 Deus
697 646 730 682 ex
753 626 980 700 oninipotencia
1005 645 1058 682 sua
1082 626 1202 682 ordinat
1227 626 1268 682 ita
1285 645 1357 690 esse,

366 713 557 771 concluditur
593 714 731 770 fidelibus
765 713 918 770 evidenter
950 716 1031 788 quod
1056 713 1165 769 melius
1199 727 1242 769 est
1266 714 1359 769 eccle-

366 801 441 858 siam
466 819 531 857 esse
555 801 585 857 in
608 800 661 857 tali
686 800 890 857 alternacione
920 819 1012 874 quarn
1036 800 1101 857 sine
1126 800 1227 874 aliqua
1252 819 1357 874 repug-

366 888 475 945 nancia
500 907 645 962 prospere
670 886 810 945 militare.
845 887 928 944 Sicut
952 887 1031 944 enini
1066 887 1176 944 milites
1200 906 1233 944 ex
1258 906 1359 961 pugna

367 975 423 1031 sibi
449 973 690 1048 repugnancium
709 988 840 1049 querunt
865 988 893 1031 et
917 973 959 1031 ita
984 974 1093 1031 milites
1117 974 1281 1031 adversarii
1306 987 1383 1047 perfi

368 1061 508 1119 accideris
533 1076 659 1136 prosunt
693 1061 761 1132 illis,
795 1061 837 1118 sic
862 1061 1008 1118 exercitus
1041 1061 1153 1119 diaboli
1179 1064 1301 1135 prodest
1326 1081 1358 1118 ex

368 1148 424 1206 Dei
448 1148 550 1223 gracia
575 1148 699 1206 ecclesie
716 1148 870 1218 militanti,
896 1162 923 1205 et
948 1147 990 1205 sic
1014 1166 1083 1206 vere
1106 1147 1179 1205 dicit
1195 1149 1359 1223 Apostolus

367 1239 449 1312 quod
474 1236 684 1310 predestinatis
717 1236 880 1292 timentibus
905 1236 999 1291 Derim
1035 1237 1130 1292 omnio
1164 1247 1360 1312 cooperantur

368 1325 397 1380 in
421 1325 535 1379 bonnm.

154 1402 350 1512 Wffiffiulffm
413 1413 449 1467 Et
473 1412 510 1467 ad
543 1411 622 1466 hunc
655 1428 775 1466 sensum
801 1411 889 1467 docet
914 1407 1051 1465 Christus
1084 1408 1209 1465 Matthei
1238 1411 1285 1473 Vl,
1323 1421 1405 1466 10¹0

197 1489 308 1551 bicone.
368 1517 453 1554 suani
479 1497 636 1554 ecclesiam
661 1515 748 1554 orare
776 1495 808 1553 iii
832 1496 984 1570 peticione
1008 1494 1100 1561 tercia
1125 1497 1247 1570 quando
1272 1494 1358 1551 dicit:

368 1584 436 1640 Fiat
460 1585 593 1640 voluntas
616 1595 675 1655 tna,
709 1585 783 1640 sicut
807 1584 834 1639 in
859 1585 920 1640 celo
944 1594 971 1639 et
994 1583 1022 1639 in
1046 1594 1137 1641 terra.
1174 1586 1210 1638 Et
1236 1597 1360 1656 propter

371 1671 458 1727 istam
493 1689 615 1727 causam
649 1670 753 1727 fideles
775 1689 837 1728 non
862 1683 968 1727 contra
992 1673 1087 1726 Deuin
1122 1683 1360 1741 remurniurant,

368 1760 420 1815 sed
445 1757 599 1832 pacienter
622 1771 651 1814 et
675 1759 842 1831 gaudenter
865 1770 1025 1831 acceptarit
1041 1776 1133 1814 omne
1157 1758 1239 1831 quod
1263 1756 1360 1813 evenit

368 1845 496 1902 scientes
529 1846 609 1920 quod
643 1843 722 1901 istud
758 1846 803 1901 vel
827 1847 939 1901 bonum
974 1862 1006 1901 eii
1031 1843 1082 1900 illo
1115 1858 1158 1900 est
1188 1863 1205 1900 a
1230 1843 1403 1901 Dominoi5

369 1931 553 1988 ordinatum.
590 1934 626 1988 Et
650 1931 690 1988 ita
726 1931 838 1988 heresis
863 1946 891 1988 et
915 1931 1059 1987 scismata
1081 1930 1258 1987 Antichristi
1285 1931 1360 1986 mul-

370 2033 434 2075 tum
459 2031 587 2092 prosunt
604 2018 728 2075 ecclesie
752 2032 780 2075 et
804 2018 975 2093 specialiter
992 2017 1050 2075 illis
1074 2018 1124 2092 qui
1143 2031 1222 2075 stant
1246 2016 1276 2073 iri
1302 2017 1360 2074 lide

370 2105 496 2161 viriliter
521 2119 624 2161 contra
649 2104 744 2161 illum.

165 2185 341 2289 Effhffiffissffiffi
414 2195 451 2248 Et
474 2192 515 2249 ita
539 2205 647 2248 notant
672 2192 774 2248 fideles
807 2194 962 2266 quomodo
986 2191 1159 2248 notabiliter
1183 2192 1212 2246 in
1244 2191 1361 2248 casibus

202 2290 310 2346 tyricis.
370 2293 500 2354 quatuor
525 2279 696 2335 verificatur
728 2279 785 2335 ista
819 2279 892 2335 fides
920 2278 1069 2353 Apostoli,
1108 2277 1207 2352 primo
1230 2281 1267 2335 de
1290 2297 1404 2335 casuro

372 2366 496 2434 diaboli,
530 2367 663 2423 secundo
696 2365 727 2422 in
760 2379 885 2440 peccato
919 2366 1009 2441 primi
1036 2365 1176 2437 hominis,
1215 2365 1308 2422 tercio
1332 2363 1363 2421 in

370 2466 495 2527 peccato
534 2472 589 2527 pro
627 2466 764 2527 ternpore
802 2451 903 2527 gracie
940 2466 968 2509 et
1001 2465 1110 2527 quarto
1143 2454 1179 2508 dc
1217 2453 1362 2509 divisione

371 2540 479 2615 capitis
503 2539 692 2597 Antichristi.
727 2539 785 2596 Alii
810 2554 909 2597 autern
936 2558 1022 2596 casus
1045 2537 1098 2613 uui
1122 2554 1264 2596 venerant
1288 2554 1362 2596 tem-

372 2645 446 2701 pore
470 2640 539 2683 ante
563 2629 670 2700 legem,
704 2640 841 2701 tempore
874 2629 929 2683 sub
961 2628 1026 2700 lege
1051 2639 1078 2682 et
1102 2639 1239 2700 tempore
1263 2627 1362 2699 gracie

372 2715 498 2769 niultuni
518 2715 694 2786 profuerunt
718 2714 852 2781 ecclesie,
877 2715 929 2770 sed
945 2712 1115 2770 declaracio
1138 2712 1264 2769 istorum
1289 2718 1404 2788 qua-25

372 2814 442 2857 tuor
465 2800 575 2856 sufficit
599 2819 654 2874 pro
679 2800 819 2874 presenti.
853 2804 889 2856 Et
913 2814 1011 2857 totum
1035 2802 1093 2856 hoc
1122 2799 1283 2857 confirmat
1308 2801 1361 2856 Dei

372 2887 448 2943 filios
480 2889 518 2942 ad
551 2886 704 2943 humiliter
740 2887 918 2962 pacienduin
950 2902 978 2945 et
1011 2886 1135 2944 viriliter
1162 2889 1361 2960 operandum.

372 2976 442 3030 ldeo
466 2973 507 3029 illi
532 2973 584 3048 qui
609 2973 756 3048 replicant
778 2989 884 3031 contra
909 2976 965 3032 hoc
989 2973 1145 3031 veritatem
1173 2973 1241 3030 fidei
1266 2975 1361 3030 omnio

372 3078 425 3134 qne
454 3061 582 3116 evenient
615 3062 651 3117 de
682 3062 848 3118 necessitate
872 3062 1000 3118 evenient
1033 3061 1062 3117 in
1087 3080 1196 3117 vanum
1224 3061 1362 3117 laborant

373 3147 516 3203 contrarii
549 3148 605 3204 sibi
647 3147 730 3221 ipsis.
771 3150 850 3204 Deus
882 3147 961 3204 enini
1001 3148 1174 3206 eternaliter
1211 3148 1406 3204 ordinavitio

374 3248 498 3291 eventus
531 3234 647 3290 futuros
680 3237 840 3291 succedere
869 3254 944 3308 quos
976 3248 1096 3309 oportet
1129 3235 1227 3309 ipsuin
1253 3235 1283 3290 in
1308 3253 1362 3291 suo

373 3321 480 3377 ordine
503 3320 679 3395 adimplere.

188 3399 329 3442 W⁶⁸l⁰¹¹¹d
418 3410 487 3464 Ideo
511 3422 629 3465 notaret
663 3408 758 3465 fidelis
792 3411 945 3482 quomodo
969 3410 1133 3464 secundum
1170 3408 1363 3465 condiciones

169 3453 352 3547 ‘iiiiiiiiii'
375 3494 510 3551 caritatis
534 3514 608 3570 quas
633 3495 772 3569 exprimit
789 3497 951 3569 Apostolus
973 3498 983 3551 l
1005 3498 1074 3553 Cor.
1092 3498 1153 3551 Xlll
1180 3497 1273 3552 lionio
1297 3497 1363 3570 plus

167 3557 351 3611 goodthant'or
598 3582 626 3593 ··
1008 3603 1010 3608 ,
1041 3582 1046 3592 ·
1395 3592 1403 3601 .

198 3621 241 3652 our
256 3620 318 3651 own.
374 3583 541 3656 gaudenter
576 3583 713 3654 diligeret
751 3585 863 3639 bonum
894 3601 1085 3639 communius
1123 3602 1212 3656 quarn
1250 3585 1405 3643 bonum3>

377 3670 528 3744 privatum
561 3683 589 3726 et
622 3669 664 3726 sic
697 3671 840 3743 gauderet
876 3672 912 3725 de
936 3669 1000 3726 istis
1025 3669 1189 3739 eventibus,
1236 3688 1304 3727 cuni
1330 3689 1363 3726 ex

376 3756 445 3813 fidei
469 3756 626 3831 principiis
649 3759 815 3813 succedunt
839 3759 876 3813 ad
894 3759 1006 3813 bonum
1030 3756 1128 3813 tocius
1152 3758 1277 3814 ecclesie
1301 3776 1363 3812 ina-

377 3843 430 3899 tris
454 3857 565 3902 nostre.
605 3847 671 3900 Non
712 3843 880 3917 cogitemus
912 3844 1003 3917 igitur
1036 3843 1151 3900 solicite
1190 3844 1262 3919 quid
1286 3845 1362 3900 foret

375 3929 462 3986 nobis
497 3931 568 3987 utile
607 3944 658 3987 aut
682 3929 867 3987 delectabilis
900 3931 1062 4005 appetitus
1101 3933 1151 3988 sed
1177 3931 1247 4005 quid
1286 3931 1366 3986 foret

429 4208 447 4271 5..
463 4211 497 4252 A:
514 4213 627 4271 querunt:
642 4209 672 4252 ita
687 4210 753 4261 cod.;
769 4210 840 4271 adde:
855 4210 965 4271 gloriani.
1040 4222 1074 4261 27.
1099 4212 1121 4253 Λ
1144 4211 1166 4253 ιιι
1191 4221 1278 4271 marg:
1301 4210 1364 4265 quod

377 4273 457 4304 omnia
478 4273 523 4317 qne
536 4266 641 4304 evenient
659 4262 688 4304 de
700 4267 835 4305 necessitate
848 4267 961 4306 evenient.
1029 4261 1060 4306 35.
1077 4266 1110 4306 A:
1125 4275 1194 4318 quant
1208 4271 1283 4306 twice,

434 4403 471 4436 io.
492 4386 569 4436 Rom.
589 4387 653 4448 Vtri,
674 4386 714 4437 28.
769 4388 847 4452 341.
867 4389 927 4437 Cor.
946 4387 1012 4450 iiiii,
1030 4390 1107 4452 4-8.
