3098 5130
125 479 180 522 100
569 473 658 527 oeus
677 468 929 527 evunoemcou
950 470 1014 523 ιιιι.
1033 468 1074 523 ιιι.
1128 446 1213 538 [cm.
1229 457 1332 510 nvn·

142 667 213 711 wint
228 667 305 712 chria
337 636 480 711 quomodo
495 636 650 694 saciatur?
666 636 803 693 Saciatur
812 636 840 691 in
848 635 914 713 fide
925 633 1083 700 hominum,
1099 632 1222 690 esurivit
1223 629 1332 711 fideli·

140 720 308 816 walatam
338 735 424 780 tatem
453 742 562 782 eorum.
595 724 635 780 Et
658 726 781 800 desuper
804 722 1024 779 Samaritanum
1049 731 1167 797 puteum
1191 719 1333 799 gaudens

194 836 256 867 nien.
337 812 463 880 sedebat,
487 813 602 887 quando
618 811 698 889 fides
720 811 976 867 Samaritanorum
1005 807 1032 864 ei
1053 808 1201 884 offerenda
1215 807 1332 883 suerat

338 909 485 973 tamquam
518 898 642 975 optimus
674 899 762 954 cibus.
795 897 853 954 Hie
886 906 982 953 autem
1015 895 1044 952 in
1076 894 1181 971 templo
1213 895 1330 950 nullam

337 1004 431 1041 escam
461 986 585 1042 lumrane
610 985 772 1042 sanctitatis
800 984 945 1041 inveniens
986 1001 1126 1061 egressus
1152 982 1189 1038 de
1219 980 1356 1058 temploS

338 1073 431 1129 tristis
457 1072 526 1128 ibat.
563 1073 603 1129 Et
631 1090 699 1129 rere
727 1072 831 1127 merito
860 1071 1038 1128 tristabatur
1064 1082 1092 1127 et
1118 1079 1184 1126 erat
1201 1079 1331 1145 propter

337 1160 414 1234 quod
454 1159 641 1216 irasceretur.
680 1159 763 1234 Apud
796 1158 998 1215 Samaritanus
1031 1174 1161 1236 peregre
1199 1156 1330 1213 saciatus

338 1258 412 1314 erat,
436 1248 514 1322 apud
535 1246 642 1302 ludeos
665 1247 693 1301 in
717 1248 803 1302 domo
821 1244 946 1322 propria
970 1245 1075 1301 mansit
1098 1244 1217 1302 ieiunus.
1248 1243 1328 1299 Nam

338 1351 476 1410 egressus
508 1334 582 1404 ibat‚·
612 1333 666 1391 hoc
697 1334 805 1411 signat,
838 1333 904 1407 quia
936 1332 1062 1408 offensus
1089 1331 1157 1390 ibat.
1189 1329 1328 1406 Alioquin

338 1420 488 1498 sufficeret
516 1421 626 1477 dicere:
664 1420 736 1476 Cum
766 1438 906 1498 egressus
928 1431 1002 1476 esset
1024 1420 1060 1475 de
1082 1417 1197 1495 templo,
1229 1433 1328 1474 acces·
1342 1434 1373 1468 ιο

339 1518 439 1564 serunt
465 1509 505 1563 ad
531 1525 604 1567 eunt.
635 1508 887 1575 Quemadmodum
920 1507 1016 1577 homo,
1047 1506 1075 1563 si
1105 1505 1186 1562 vadit
1211 1504 1330 1577 alicubi,

340 1594 476 1651 estimans
504 1595 633 1650 inuenire
660 1612 840 1670 responsum,
867 1595 894 1651 si
920 1613 976 1651 non
1007 1594 1157 1664 inuenerit,
1189 1592 1331 1668 confusus

340 1682 503 1759 egreditur,
527 1682 609 1756 quasi
630 1682 680 1756 qui
699 1681 830 1757 perdidit
852 1680 972 1757 aliquid,
996 1681 1061 1757 quia
1089 1680 1167 1756 quod
1193 1679 1332 1755 sperabat

342 1786 396 1823 mm
425 1768 541 1824 inuenit.
575 1770 642 1826 ldeo
671 1780 697 1825 et
723 1768 863 1845 apostolis
890 1768 975 1843 quasi
1001 1768 1105 1824 dolore
1132 1767 1259 1843 repletus
1282 1783 1329 1823 re·

341 1855 470 1931 spondit:
507 1856 597 1912 Amen
631 1855 694 1912 dico
719 1855 807 1926 vobis,
843 1874 899 1912 non
930 1855 1017 1912 stabit
1049 1854 1095 1911 tic
1132 1854 1206 1930 lapis
1242 1853 1373 1930 superii

137 1952 188 1996 'tue
203 1951 313 2005 lpotius·
343 1942 478 2017 lapidem,
510 1942 559 2016 qui
589 1961 644 1999 nou
668 1943 847 1998 destruatur.
880 1943 947 1999 Non
975 1952 1070 2019 potest
1099 1939 1223 2019 pacifica
1251 1938 1332 2017 loqui

137 2010 319 2113 ‘'l‘lelssssfilm
342 2047 394 2085 eor
418 2029 523 2084 liabens
550 2031 706 2086 turbatum.
735 2030 927 2086 decesserunt
949 2031 989 2085 ad
1010 2048 1074 2086 eum
1099 2027 1233 2104 discipuli
1258 2028 1330 2100 eius,

159 2108 295 2164 spiritualis*
343 2126 372 2170 ut
396 2117 577 2171 ostenderent
600 2117 627 2172 ei
646 2127 828 2172 structuram
852 2116 959 2193 templi.
987 2117 1091 2172 Adhuc
1113 2115 1238 2191 apostoli
1263 2134 1331 2172 car·

342 2202 422 2257 »iceles
453 2203 600 2258 constituti
630 2203 797 2278 spirituales
828 2205 928 2260 oculos
958 2205 1085 2261 nondum
1118 2202 1187 2260 bene
1213 2213 1332 2278 apertos

343 2289 501 2351 nambam:
523 2300 549 2345 et
572 2290 636 2346 ideo
658 2290 852 2365 spiritualiter
874 2290 970 2347 adhuc
993 2290 1094 2347 ridere
1112 2308 1169 2347 non
1180 2300 1329 2366 poterant.
1342 2306 1375 2341 ao

344 2376 420 2433 lz'eee
442 2376 515 2433 enim
540 2389 630 2433 totum
655 2379 792 2453 templum
816 2378 927 2434 iacebat
942 2377 1136 2452 spiritualiter
1151 2377 1331 2453 dissipatum,

344 2474 371 2521 et
405 2463 449 2518 illi
480 2464 561 2535 attasi
598 2464 760 2520 mirabilem
799 2464 1034 2540 composicionem
1073 2464 1174 2541 templi
1212 2463 1333 2521 Christo

343 2551 553 2611 nienstralrant.
587 2569 641 2623 ιιοιι
674 2551 868 2629 intelligentes
904 2552 970 2627 quia
1010 2551 1096 2608 ltomo
1133 2552 1248 2628 quidem
1281 2552 1333 2607 de·

344 2637 470 2693 lectatur
493 2637 521 2693 in
548 2638 732 2716 edificacione
750 2639 906 2713 parietum,
931 2639 1012 2696 Deus
1039 2650 1135 2695 autem
1159 2640 1187 2695 in
1210 2656 1333 2696 conver·

343 2723 458 2779 sacione
479 2734 659 2791 sanctorum,
687 2725 798 2781 dicente
815 2726 975 2802 propheta:
1006 2726 1141 2799 Domine,
1165 2725 1260 2783 dilexi
1281 2726 1375 2781 tle-25

345 2828 442 2867 eorem
476 2812 579 2867 demnis
610 2822 664 2868 tue.
695 2812 786 2880 Quem
819 2813 977 2870 decorem?
1009 2832 1065 2869 uon
1088 2815 1224 2871 decorem
1246 2830 1332 2889 quem

345 2897 500 2953 diuersitas
515 2898 728 2973 splendentium
745 2918 928 2955 rriarmorum
935 2900 1027 2975 sacit,
1050 2900 1103 2957 sed
1123 2917 1206 2976 quem
1217 2910 1333 2976 prestat

346 2984 474 3040 uarietas
499 2985 655 3041 rimmium
677 2986 863 3063 graciarum.
889 2986 942 3043 Ille
957 2988 1048 3045 decor
1062 3005 1180 3045 carnem
1197 2988 1333 3057 delectat,

346 3072 400 3126 iste
432 3071 556 3149 eieijieat
579 3073 718 3145 desimam,
749 3073 799 3128 ille
825 3093 883 3149 pro
906 3084 1036 3150 tempore
1057 3074 1162 3151 decipit
1183 3074 1283 3133 oculos
1305 3085 1335 3133 et

347 3158 466 3219 deludit.
483 3159 536 3213 iste
551 3171 646 3215 aretem
663 3159 778 3236 edijieat
793 3161 977 3218 intellectum.
1000 3161 1084 3219 lesus
1102 3174 1198 3219 autem
1214 3180 1333 3239 respon·
1345 3165 1379 3217 30

348 3247 416 3300 deus
447 3245 488 3300 ait
512 3246 559 3301 eis.
591 3246 697 3302 l'idetis
724 3248 775 3303 liee
802 3248 921 3304 onmia?
947 3250 1039 3305 Amen
1062 3249 1126 3306 dico
1154 3250 1243 3319 vobis,
1276 3268 1334 3305 non

348 3332 527 3405 relinquetur
550 3333 623 3407 lapis
645 3352 732 3409 super
755 3335 878 3409 lapidem
901 3336 951 3410 qui
973 3355 1028 3391 non
1052 3337 1232 3393 destruatur.
1256 3336 1333 3412 Apo·

347 3420 417 3475 stoli
448 3438 533 3474 uuam
569 3439 629 3475 rem
662 3423 814 3477 ostendere
842 3424 996 3478 noluerunt
1023 3435 1050 3479 et
1077 3424 1170 3499 ipsam
1192 3423 1336 3495 inutilem,

351 3506 486 3563 cta-tuns
508 3520 603 3563 autem
627 3508 666 3563 eis
690 3510 816 3563 drauum
841 3528 941 3565 cernon
964 3510 1140 3566 salutarium
1163 3511 1243 3568 dedit
1266 3510 1335 3566 riva

349 3612 495 3669 responsa.
531 3595 606 3651 Nam
639 3608 664 3650 et
699 3597 868 3670 defuturo
902 3615 952 3652 eos
983 3598 1120 3654 adrieonet
1147 3598 1232 3673 quasi
1252 3597 1381 3654 Deus35

344 3682 475 3757 prescius
494 3693 521 3738 et
541 3684 576 3737 de
587 3684 718 3757 presenti
736 3701 784 3738 eos
805 3684 902 3739 denuit
921 3686 1005 3757 quasi
1018 3684 1160 3763 benignus
1180 3684 1337 3763 magister,

349 3782 379 3824 ut
402 3789 457 3825 mm
480 3770 619 3846 aspiciant
642 3770 692 3825 illa
716 3788 770 3843 pue
792 3771 820 3824 in
842 3771 939 3826 seculo
963 3772 1028 3825 eiua
1044 3783 1174 3843 serrant,
1197 3771 1336 3847 quoniam

346 3874 402 3933 que
434 3856 568 3913 uidentur
599 3856 771 3933 temporalia
802 3868 878 3917 stent.
910 3876 965 3931 pue
990 3869 1086 3915 anetem
1114 3876 1170 3915 non
1198 3859 1338 3915 uidentur·

399 4182 423 4215 -t-
438 4168 472 4210 A:
488 4166 512 4207 ιἰι
526 4166 611 4219 tempo
626 4164 697 4207 deest.
752 4176 782 4207 se.
798 4166 831 4207 A:
845 4165 925 4209 dicere
938 4164 1015 4211 deest:
1031 4166 1063 4209 ib.
1078 4167 1114 4209 A:
1128 4160 1336 4223 egressusfierit.

351 4220 381 4263 18.
397 4221 426 4263 B:
442 4218 600 4262 intenderunt.
656 4227 690 4258 ι’.
704 4218 739 4259 A:
756 4216 1001 4273 remunerandae-it.
1055 4216 1089 4263 35.
1103 4214 1140 4262 30.
1160 4220 1196 4262 A:
1215 4218 1258 4273 qui
1269 4216 1337 4261 Dens

346 4274 460 4327 prescius.
513 4268 548 4323 37.
563 4272 596 4313 A:
612 4280 659 4312 ιιοιι
674 4270 750 4312 deest:
765 4270 796 4312 ie,
812 4272 846 4313 A:
860 4272 990 4325 aspiciant:
1004 4271 1037 4314 ib.
1052 4270 1081 4313 B:
1096 4270 1148 4313 rint
1162 4274 1268 4315 eman.

402 4432 426 4467 a.
444 4413 505 4466 loh-
524 4414 567 4475 lY,
585 4412 611 4463 ιἰ.
666 4415 707 4468 25.
725 4413 825 4465 Psalm.
842 4413 922 4475 m,
940 4412 966 4465 8.
