3098 5130
168 2555 219 2600 The
235 2556 330 2599 modern

160 2610 265 2652 doctrine
278 2621 303 2650 ns
317 2615 342 2650 to

167 2663 205 2704 the
219 2663 273 2705 host
288 2661 308 2703 is
322 2672 335 2703 a

206 2715 296 2769 heresy.

595 490 685 540 oeus
703 490 955 540 avanoamcun
977 490 1040 539 ita.
1059 490 1101 540 111.
1172 472 1255 555 [car.
1270 485 1351 530 xtvt.

367 662 466 706 motus
482 668 572 724 quem
589 648 725 724 suscipit,
743 661 772 706 et
787 647 955 706 subiectum
973 648 1192 724 predicacionis
1209 649 1351 707 dividitur

365 738 531 794 secundum
565 735 743 794 divisionem
773 735 993 811 predicacionis
1023 755 1115 811 quam
1147 737 1281 812 suscipit.
1314 740 1351 794 Et

364 841 398 880 ex
422 824 474 879 illo
499 823 602 880 dicunt
619 822 753 898 quidam
779 824 862 898 quod
885 842 991 880 omnes
1014 824 1120 881 fratres
1149 824 1255 880 mundi
1289 843 1350 882 non

366 912 516 968 docebunt
540 911 699 985 episcopos
721 910 768 967 vel
792 910 895 967 fideles
919 910 1037 985 aliquos
1053 911 1126 985 quid
1150 910 1189 969 sit
1211 910 1351 969 accidens

366 997 430 1055 sine
453 996 598 1055 subiecto.
633 999 703 1054 ldeo
726 999 769 1054 Ve
793 997 837 1054 illi
861 997 913 1071 qui
937 997 1024 1054 istam
1055 997 1184 1056 heresim
1209 1011 1238 1055 et
1261 998 1376 1056 istam5

365 1084 573 1160 ignoranciam
598 1083 629 1141 in
653 1083 813 1142 ecclesiam
837 1084 1011 1144 introduxit.
1034 1087 1071 1141 Et
1087 1087 1142 1142 hec
1159 1084 1242 1143 racio
1259 1105 1352 1161 quare

365 1190 422 1229 nec
445 1191 462 1229 a
487 1191 565 1247 papa
589 1190 644 1229 nec
668 1174 705 1228 ab
729 1170 832 1247 aliquo
855 1171 972 1229 vivente
1000 1171 1076 1229 citra
1100 1174 1196 1229 Deum
1226 1173 1352 1230 ecclesia

366 1258 532 1334 susciperet
566 1258 712 1316 terminos
742 1271 898 1315 extraneos
922 1271 950 1316 et
973 1271 1140 1334 suspectos.
1175 1262 1212 1316 Et
1244 1259 1286 1334 sic
1315 1262 1352 1316 de

365 1346 571 1422 opinionibus.
597 1349 633 1403 Et
657 1345 698 1402 ita
723 1340 828 1402 not'ato
853 1346 1007 1420 evangelio
1031 1348 1188 1421 quomodo
1211 1347 1350 1404 Christus

365 1433 539 1509 frequenter
554 1432 750 1507 interrogavit
772 1433 929 1507 phariseos
947 1447 975 1490 et
991 1433 1150 1507 pontifices
1167 1434 1350 1508 questiones,
1365 1457 1395 1490 ro

366 1534 395 1577 et
419 1520 610 1578 taciturnitas
638 1522 675 1576 ad
706 1519 773 1576 illas
796 1522 936 1577 movebat
960 1520 1113 1578 Christum
1139 1521 1351 1595 responsiones

366 1609 405 1664 ad
432 1626 501 1664 suas
529 1606 784 1682 interrogaciones
808 1607 1033 1664 racionabiliter
1065 1607 1201 1678 reticere,
1233 1607 1351 1665 videtur

366 1694 550 1752 racionabile
573 1696 655 1769 quod
679 1708 825 1769 queratur
852 1713 869 1751 a
897 1693 1053 1769 discipulis
1077 1695 1254 1752 Antichristi
1278 1695 1351 1770 quid

365 1780 404 1838 sit
436 1781 502 1856 ipsa
534 1781 630 1838 hostia
656 1793 831 1838 consecrata
859 1783 898 1839 ad
929 1783 1022 1856 quod,
1052 1780 1077 1838 si
1100 1782 1294 1840 fundabiliter
1318 1801 1352 1840 ex

365 1887 419 1925 sua
451 1868 595 1943 opinione
628 1870 810 1943 respondere
842 1867 1024 1926 nesciverint
1056 1871 1095 1926 ad
1123 1888 1192 1926 suas
1223 1868 1393 1927 interro-15

365 1954 516 2030 gaciones,
555 1974 623 2012 cum
658 1954 884 2013 racionabiliter
916 1958 1078 2013 tacendum
1118 1956 1218 2027 suerit,
1256 1969 1351 2014 cesset

366 2041 445 2099 filius
478 2041 602 2100 ecclesie
634 2044 826 2118 respondere.
868 2045 935 2099 Hoc
969 2043 1048 2100 enim
1081 2045 1170 2101 docet
1209 2043 1352 2118 magister

366 2142 468 2186 noster
484 2130 623 2187 Christus
646 2148 736 2206 quem
761 2132 905 2186 debemus
928 2131 1133 2188 sub-obtentu
1157 2129 1351 2188 beatitudinis

364 2229 487 2274 imitari.

728 2403 833 2467 CAP.
856 2403 990 2468 XLVI.
1362 2433 1395 2467 πο

409 2546 488 2618 Quia
520 2546 550 2603 in
583 2546 733 2622 scriptura
766 2565 853 2605 sacra
886 2546 982 2604 fidelis
1016 2559 1116 2622 posset
1155 2547 1185 2603 in
1221 2560 1350 2623 utroque

365 2648 498 2691 extremo
522 2633 651 2691 deficere
674 2648 703 2691 et
726 2652 789 2691 esse
813 2634 934 2709 parcior
958 2647 986 2691 et
1010 2653 1073 2692 esse
1097 2633 1234 2691 diffusior
1257 2653 1349 2710 quam

366 2720 453 2795 exigit
486 2721 639 2796 profectus
672 2721 807 2791 ecclesie,
841 2721 909 2780 ideo
942 2720 1072 2778 dimissis
1106 2720 1226 2796 punctis
1254 2722 1350 2779 scola·

364 2808 447 2865 sticis
475 2820 504 2865 et
532 2807 718 2882 argumentis
747 2808 833 2865 istius
860 2808 985 2866 materie
1014 2821 1108 2866 restat
1131 2809 1348 2866 declarandum

365 2897 521 2970 quomodo
545 2894 657 2953 heresis
681 2894 766 2952 istius
791 2895 917 2952 materie
940 2909 984 2953 est
1008 2896 1153 2970 precipua
1169 2905 1393 2970 correspon-ai

365 2984 438 3040 dens
462 2982 597 3057 dogmati
620 2981 806 3040 Antichristi.
830 2985 906 3040 Nam
932 2986 977 3055 (ut
1000 3001 1070 3057 sepe
1099 2983 1217 3056 capitur
1240 2996 1274 3038 ut
1297 3001 1350 3056 per

365 3087 396 3125 se
419 3083 525 3126 notum
551 3068 701 3142 fidelibus)
727 3068 840 3127 heresis
864 3083 907 3126 est
924 3071 1035 3144 dogma
1059 3070 1178 3140 falsum,
1202 3068 1350 3143 scripture

365 3174 449 3213 sacre
467 3155 663 3228 contrarium,
687 3155 881 3231 pertinaciter
898 3158 1096 3230 defensatum,
1115 3169 1227 3213 etcum
1244 3174 1350 3213 omnes

365 3243 421 3299 iste
456 3243 602 3317 particule
634 3243 818 3301 conveniunt
851 3243 932 3300 dicto
966 3244 1061 3301 errori
1094 3245 1131 3300 de
1158 3256 1350 3300 sacramento

366 3330 481 3401 altaris,
506 3330 699 3388 manifestum
724 3330 843 3387 videtur
867 3333 948 3405 quod
973 3329 1038 3405 ipse
1062 3330 1101 3387 sit
1125 3328 1247 3387 heresis.
1272 3332 1394 3391 Nam30

366 3416 563 3475 discurrendo
592 3436 646 3492 per
670 3417 784 3474 dictum
809 3418 996 3494 quadruplex
1021 3415 1229 3474 testimonium
1255 3415 1351 3490 tripli-

366 3518 479 3576 catum,
508 3504 665 3580 quodlibet
689 3505 809 3562 illorum
834 3507 956 3562 doceret
985 3504 1082 3578 ipsum
1107 3503 1273 3561 hereticum
1299 3502 1350 3578 qui

366 3591 561 3666 pertinaciter
585 3605 707 3668 negaret
730 3610 841 3667 panem
865 3606 893 3648 et
917 3591 1020 3648 vinum
1045 3603 1221 3649 consecrata
1245 3593 1350 3647 catho-

365 3679 422 3736 lice
445 3699 508 3737 esse
533 3698 642 3754 corpus
666 3679 778 3736 Christi
803 3692 831 3736 et
855 3678 1050 3754 sanguinem;
1074 3692 1103 3736 et
1127 3697 1196 3736 cum
1220 3678 1351 3753 pertina-

366 3766 439 3823 citer
462 3769 519 3824 hoc
545 3780 634 3841 negat
658 3768 713 3824 hec
738 3779 819 3824 secta
844 3766 1041 3842 quadruplex,
1072 3765 1190 3823 videtur
1213 3767 1295 3840 quod
1320 3764 1394 3826 inas

365 3855 422 3910 hoc
445 3854 482 3911 sit
506 3853 639 3911 heretica
669 3867 697 3910 et
726 3855 764 3911 ad
789 3855 846 3910 hoc
870 3852 951 3911 idem
975 3855 1090 3911 vadunt
1115 3853 1189 3910 fides
1215 3866 1243 3909 et
1267 3851 1350 3909 testi-

365 3941 500 3998 monium
526 3942 754 4017 prophetarum.

413 4293 442 4342 'r-
453 4291 473 4323 a.
487 4282 522 4323 A:
536 4280 782 4355 motusjdlvieionem
796 4281 867 4324 deest.
934 4292 956 4324 2.
970 4282 993 4323 Α
1007 4281 1030 4322 in
1046 4291 1133 4333 marg:
1148 4279 1220 4324 Nota.
1284 4279 1303 4323 3.
1319 4279 1349 4341 ll:
