3098 5130
160 470 228 514 car.
245 456 309 539 vn]
443 476 487 525 ni:
508 474 746 527 antichristo
768 478 831 526 arn.
851 478 869 526 r.

160 636 321 711 dignitates
353 637 476 693 racione
508 638 677 694 sanctitatis
701 638 830 694 sciencie
859 653 950 713 atque
973 653 1077 695 status.
1112 641 1147 694 Et

162 725 192 780 in
216 724 274 780 isto
298 725 438 781 laborant
472 724 572 780 clerici
607 724 700 781 nostri
726 739 753 781 et
777 725 986 800 principaliter
1011 729 1148 782 Romana

162 812 255 868 curia.
289 812 359 868 ldeo
391 826 434 869 est
477 811 579 868 multis
611 812 768 886 probabile
803 815 886 887 quod
919 826 1013 869 status
1038 813 1088 869 ille
1111 815 1148 868 de

163 899 312 955 eleccione
336 917 413 973 pape
438 917 490 974 per
515 898 682 956 cardinales
710 918 727 956 a
752 899 883 956 Domino
907 919 966 956 non
991 898 1147 975 processit,

139 991 231 1042 icum
255 985 293 1042 sit
316 986 405 1042 nidus
429 986 591 1061 gignitivus
616 985 766 1060 superbie.

207 1075 346 1130 Secundo
379 1074 498 1130 videtur
531 1072 620 1130 istum
656 1087 794 1131 sanctum
819 1087 925 1130 notare
949 1076 1031 1147 quod
1057 1076 1148 1131 homo
1168 1083 1356 1157 ‘trienninm'

165 1160 389 1217 racionabiliter
412 1162 567 1235 aufugeret
585 1162 638 1218 has
657 1161 886 1218 nominaciones
903 1162 1057 1239 virginer,
1074 1162 1151 1217 Rubi
1177 1135 1357 1231 {ffioepfgt'fff'l'ff

164 1248 209 1304 vel
230 1259 317 1323 pater
342 1262 466 1323 propter
489 1247 657 1322 periculum
682 1248 823 1321 superbie
847 1266 902 1322 per
925 1248 1079 1305 diabolum
1106 1240 1368 1337 lss·b⁰¹{’4¹,¹³css‘f‘i's¹}“¹y

164 1336 359 1391 troducende.
385 1337 454 1392 ldeo
479 1341 522 1405 (ut
547 1336 680 1393 declarat
708 1334 927 1393 Lincolniensis
951 1335 981 1391 in
998 1335 1150 1410 principio
1322 1325 1328 1336 ’

126 1422 382 1490 10P0steriorum)
408 1425 499 1479 homo
523 1435 551 1478 et
574 1423 723 1498 scriptura
747 1441 816 1479 cum
840 1421 932 1496 signis
956 1421 1063 1480 ceteris
1087 1441 1150 1479 mo-

164 1524 233 1565 vent
257 1509 394 1566 homines
418 1512 455 1565 ad
480 1509 651 1567 doctrinam
676 1512 728 1566 sed
752 1525 796 1566 est
821 1509 945 1566 interius
968 1528 1056 1567 verus
1080 1513 1151 1566 doc·

165 1610 212 1651 tor
235 1596 286 1671 qui
312 1609 442 1653 mentem
468 1595 620 1654 illuminat
645 1611 673 1654 et
696 1597 852 1654 veritatem
877 1597 1018 1654 ostendit.

208 1686 244 1739 Et
279 1685 335 1740 hoc
369 1685 473 1757 pulcre
505 1685 638 1741 declarat
671 1683 718 1741 hic
752 1684 956 1742 Crisostomus
996 1686 1151 1760 quomodo

165 1770 301 1826 Christus
319 1771 441 1828 racione
458 1771 579 1828 deitatis
595 1791 648 1828 sue
664 1771 719 1827 sibi
737 1771 916 1845 appropriat
931 1772 1013 1828 istud
1030 1790 1150 1840 nomen,

127 1858 237 1931 riquia
261 1873 343 1914 creat
367 1859 509 1923 animam,
544 1857 674 1915 infundit
706 1857 867 1915 scienciam
904 1874 932 1916 et
956 1858 1065 1916 excitat
1088 1857 1152 1916 ani·

167 1965 249 2000 mum
276 1947 313 2002 ad
339 1964 527 2002 consensum.
556 1948 620 2002 Hoc
644 1961 744 2002 autem
769 1960 813 2002 est
834 1949 898 2003 Deo
922 1946 1091 2021 proprium.
1115 1948 1152 2001 Et

167 2035 221 2088 hec
255 2033 387 2089 creditur
420 2034 502 2090 racio
537 2051 631 2108 quare
668 2033 804 2089 Christus
837 2034 1011 2090 humanitus
1050 2032 1152 2089 docuit

168 2120 338 2176 doctrinam
356 2139 408 2176 sue
426 2120 616 2191 humilitatis,
641 2120 829 2194 paupertatis
846 2135 874 2177 et
893 2120 1053 2195 passionis,
1077 2138 1153 2194 quas

167 2226 237 2263 suos
261 2207 425 2281 discipulos
458 2209 615 2264 edocebat.
648 2210 685 2263 Et
718 2210 772 2264 hec
797 2207 879 2264 racio
903 2227 996 2283 quare
1020 2208 1084 2281 ipse
1109 2221 1153 2263 est

124 2314 157 2348 20
168 2293 311 2367 magister
333 2295 476 2369 optimus,
502 2294 671 2351 doctrinam
696 2295 843 2368 optimam
868 2295 924 2350 sibi
941 2293 1152 2369 approprians.

168 2384 253 2438 Unde
277 2381 300 2437 si
325 2383 462 2438 homines
486 2381 537 2438 alii
561 2382 673 2438 habent
696 2381 752 2437 ista
776 2381 911 2454 nomina,
936 2383 992 2438 hoc
1015 2395 1059 2438 est
1075 2380 1153 2455 peri·

168 2469 269 2526 culose
294 2483 322 2525 et
345 2470 432 2526 valde
456 2469 610 2543 equivoce.

211 2557 298 2612 Unde
320 2560 499 2629 leronymus
524 2571 551 2612 et
576 2555 673 2612 Latini
699 2555 789 2612 ceteri
814 2575 881 2612 curn
901 2558 993 2612 modo
1009 2554 1152 2630 loquendi

167 2642 282 2716 vulgari
317 2643 460 2699 laudabili
495 2643 563 2699 licet
599 2642 844 2717 equivocaverint
881 2645 918 2699 ab
952 2644 1008 2699 hoc
1036 2655 1151 2712 sancto,

126 2731 232 2804 rfiipse
256 2744 357 2787 tamen
380 2744 461 2787 tenet
484 2731 562 2786 viam
588 2743 713 2806 rectam,
737 2730 922 2786 conformem
948 2729 1102 2803 evangelio
1126 2742 1155 2785 et

168 2836 316 2873 securam.
342 2819 430 2888 Quod
454 2830 535 2892 patet
560 2817 590 2873 in
615 2817 834 2874 consuetudine
858 2817 971 2892 papali,
996 2836 1063 2873 cum
1090 2815 1153 2890 ipse
1192 2825 1266 2869 claim
1281 2826 1349 2902 spade

169 2904 308 2961 vendicat
347 2907 429 2980 quod
468 2904 505 2960 sit
544 2904 660 2979 primus
699 2904 729 2960 in
762 2903 923 2974 discubitu,
964 2917 998 2960 ut
1030 2917 1154 2960 vocetur
1184 2878 1350 2934 by¹¹¹⁹¹⁰⁹⁰'

166 3004 254 3067 pater
277 2993 457 3048 beatissimus
490 3011 557 3047 cum
583 2990 812 3048 condicionibus
846 2991 952 3049 ceteris
977 2990 1025 3048 hic
1049 2993 1154 3064 damp-

169 3078 246 3135 natis
270 3098 287 3134 a
312 3080 441 3135 Christo.
467 3081 503 3134 Et
528 3093 629 3135 tamen
654 3079 710 3135 hoc
735 3078 808 3135 dicit
831 3079 976 3136 vocaliter
996 3092 1153 3152 tamquam

127 3173 158 3221 30
168 3165 305 3239 ypocrita
330 3168 411 3241 quod
435 3165 473 3222 sit
488 3165 672 3222 inunediatus
691 3166 803 3223 Christi
818 3166 944 3222 vicarius
959 3165 1006 3222 hic
1021 3166 1049 3221 in
1065 3165 1155 3222 terris

169 3267 198 3309 et
231 3252 351 3309 racione
375 3251 611 3327 propinquitatis
643 3254 762 3326 sequele
792 3254 881 3310 habet
908 3254 988 3310 ultra
1012 3254 1154 3310 mortales

170 3355 286 3396 ceteros
319 3340 557 3414 preminenciam
591 3340 758 3413 potestatis
792 3343 828 3396 Et
856 3341 936 3397 istud
961 3340 1152 3396 mendacium

171 3428 236 3500 plus
274 3426 369 3484 inficit
408 3425 566 3484 ecclesiam
600 3427 792 3496 militantem,
830 3447 921 3501 quarn
962 3428 1152 3484 mendacium

170 3514 348 3587 pontificum
373 3528 400 3570 et
424 3514 633 3588 phariseorum
658 3514 688 3571 in
712 3527 848 3588 tempore
873 3514 984 3572 Christi
1001 3514 1154 3573 infecerat.

129 3608 233 3658 latum
269 3602 340 3676 quia
368 3601 506 3657 diabolus
538 3620 599 3657 non
632 3603 764 3658 audebat
796 3601 826 3659 in
851 3601 962 3659 Christi
999 3601 1154 3675 presencia

173 3707 292 3745 movere
326 3688 406 3761 ipsos
439 3691 477 3745 ad
509 3702 624 3745 tantam
649 3689 832 3762 superbiam,
867 3703 929 3745 tum
963 3687 1058 3745 eciam
1083 3687 1155 3761 quia

173 3795 205 3830 ex
229 3775 356 3832 victoria
380 3791 408 3831 et
433 3775 638 3849 preminencia
663 3775 774 3832 Christi
808 3794 899 3850 super
923 3775 1077 3833 diabolum
1103 3775 1155 3830 fal-

173 3862 289 3918 sissime
322 3862 460 3919 vendicat
485 3866 639 3919 Romanus
672 3864 805 3937 pontifex
840 3865 921 3937 quod
947 3875 1069 3937 superat
1093 3880 1154 3917 non

172 3951 269 4005 solum
303 3953 435 4023 prelatos
468 3950 540 4020 lepis
564 3950 672 4006 veteris
696 3952 747 4007 sed
773 3949 866 4006 eciam
893 3965 1019 4006 cunctos
1043 3949 1154 4005 Christi

127 4039 334 4111 atiapostolos‚
368 4037 439 4110 quia
471 4051 504 4092 ut
539 4037 611 4093 dicit
636 4037 666 4092 in
695 4037 759 4111 ipso
788 4037 937 4109 colligitur
965 4036 1156 4110 singulariter

172 4124 283 4181 vicaria
307 4123 404 4180 tocius
428 4124 585 4198 potestatis
609 4123 723 4180 domini
747 4127 816 4180 Jesu
840 4124 962 4185 Christi.

226 4383 462 4431 hainmarus?
504 4382 691 4434 paeniteret.
735 4381 987 4427 ²,·i.h·indncrmf‹·
1038 4380 1153 4431 roiph:

173 4435 203 4477 fir
218 4438 267 4475 lior.
322 4447 355 4487 27.
372 4439 404 4474 A:
419 4441 449 4474 si!
464 4435 533 4475 deest.
