3098 5130
192 432 261 476 cre
286 418 360 501 xre]
465 438 509 485 m:
530 436 766 486 au‘r‘tcuttts'ro
787 438 850 485 tra.
870 438 898 486 11.

194 595 287 653 seculi
311 597 357 653 vel
388 610 554 670 magnates,
587 599 638 652 sed
672 611 760 653 natus
795 597 825 653 in
849 598 1025 661 diversorio.
1059 601 1182 672 quando

194 682 249 740 fuit
273 681 440 740 solsticium
467 683 606 746 hiemale.
644 682 807 740 reclinatus
836 685 889 740 fait
915 684 943 740 in
970 685 1119 759 presepio.
1154 700 1181 742 et

194 770 366 845 pastoribus
391 770 560 830 nunciatus.
586 784 617 825 ut
643 785 725 843 patet
750 774 829 827 lnce
847 773 879 827 ll.
906 775 942 827 Et
959 772 1038 828 idem
1056 773 1183 830 serravit

194 856 330 914 Christus
347 871 412 914 toto
429 872 565 931 tempore
582 857 640 914 rite
657 876 709 914 sue
727 859 870 915 inclusive
882 862 1024 933 usquead
1038 875 1182 921 mortem:

169 950 223 1003 iet
246 963 307 1001 non
331 945 456 1002 dubium
483 944 562 1001 Iideli
598 945 669 1019 quin
704 960 829 1018 propter
853 965 974 1002 causam
1005 948 1181 1009 notabilem.

195 1047 226 1089 ut
249 1031 362 1089 scilicet
395 1034 516 1089 doceret
540 1051 609 1087 suos
643 1032 806 1106 discipulos
830 1033 880 1107 qui
905 1034 1053 1090 soluerint
1084 1035 1182 1108 ipsum

195 1118 336 1195 precipue
366 1120 395 1175 in
422 1119 557 1175 moribus
582 1118 704 1193 imitati,
730 1140 834 1177 carere
856 1123 893 1178 ab
917 1123 1030 1178 honore
1055 1136 1083 1177 et
1099 1123 1183 1178 lucro

194 1205 287 1264 seculi
311 1222 435 1281 propter
461 1206 638 1279 periculum,
663 1207 739 1264 sicut
764 1207 836 1281 ipse.
862 1211 920 1263 Sed
937 1210 1022 1264 nando
1038 1210 1183 1265 Iordanes

194 1312 350 1351 contentas·
373 1306 415 1350 est
439 1305 614 1361 retrorsum,
643 1293 714 1368 quia
744 1295 849 1368 prelati
883 1296 933 1369 qui
968 1296 1128 1352 vendicant
1152 1315 1182 1352 se

154 1399 258 1439 roesse
292 1380 453 1455 precipuos
484 1380 594 1438 Christi
630 1381 759 1437 vicarios
787 1396 816 1438 et
848 1383 947 1455 ipsum
983 1382 1013 1437 in
1049 1383 1184 1440 moribus

194 1467 347 1525 imitantes
379 1468 540 1525 vendicant
568 1482 600 1523 ut
634 1469 767 1524 debitum
794 1488 826 1526 ex
860 1471 922 1543 lege
947 1469 1068 1530 Christi,
1101 1472 1182 1544 quod

195 1554 290 1629 magis
314 1557 442 1612 floreant
466 1555 495 1611 in
522 1557 636 1611 honore
661 1558 815 1613 mundano
839 1570 867 1613 et
889 1571 1078 1613 terrenorum
1096 1558 1182 1614 afflu-

195 1643 294 1713 encia;
327 1644 379 1699 sed
403 1642 470 1717 quis
504 1642 621 1699 dubitat
655 1643 727 1717 quin
761 1643 803 1698 illi
836 1644 895 1699 sint
929 1645 1065 1718 precipui
1098 1645 1182 1701 Anti·

195 1728 319 1788 christi?

156 1821 205 1870 ιδ’
238 1817 369 1874 Ulterius
394 1830 476 1889 patet
500 1836 532 1873 ex
558 1831 645 1894 textu
664 1832 691 1872 et
716 1817 899 1890 expositoria
922 1819 1081 1891 Augustini
1107 1840 1180 1893 quo·
1206 1846 1388 1888 {recedunt—ot·

195 1906 287 1961 modo
302 1906 455 1962 Iohannes
480 1905 584 1960 habuit
609 1903 637 1959 in
664 1905 719 1960 hoc
742 1906 809 1960 loco
835 1918 862 1960 et
881 1906 982 1961 multis
999 1906 1065 1963 aliis
1079 1897 1399 1980 prero·J⁰¹¹¹¹‘'⁸'“‘¹'⁰¹⁰¹'·

195 1991 325 2066 gatieam
351 1992 483 2065 aliquam
514 2010 605 2063 snpra
630 1992 763 2049 Petrum.
797 1991 872 2061 Quis
905 1993 1027 2065 quidem
1062 1993 1181 2051 dubitat

196 2081 276 2153 quod
301 2098 443 2151 magnum
470 2077 645 2134 dileccionis
671 2078 814 2134 indicium
850 2092 893 2134 est
924 2081 1004 2152 quod
1029 2082 1180 2138 ,lohannes

195 2165 226 2222 in
249 2179 311 2222 tam
329 2165 477 2239 solempni
496 2184 569 2221 cena
595 2167 784 2221 recumberet
808 2184 899 2238 supra
924 2181 1027 2239 pectus
1050 2167 1182 2235 Domini,

152 2252 238 2310 eosic
255 2255 335 2327 quod
354 2256 459 2309 Petrus
477 2252 673 2309 necessitates
687 2253 763 2309 foret
775 2255 812 2308 ad
824 2255 996 2325 ponendum
1014 2256 1182 2310 Iohannem

196 2339 329 2396 medium
355 2343 392 2397 ad
418 2340 542 2396 dubium
569 2359 585 2395 a
611 2338 741 2395 Domino
770 2339 1003 2399 dissultendum.
1041 2344 1107 2396 ¹N'on
1142 2341 1183 2397 sic

196 2440 296 2484 autem
323 2429 391 2500 lego
416 2428 496 2502 quod
515 2427 620 2482 Petrus
645 2427 699 2481 fuit
718 2426 849 2482 medium
867 2427 994 2483 Iohanni
1013 2428 1184 2501 specialiter

196 2516 235 2570 ad
260 2514 477 2571 beatitudinem
496 2512 733 2587 adquirendam:
758 2516 809 2570 sed
827 2513 1016 2570 ditttittamus
1036 2518 1089 2571 has
1106 2515 1185 2571 dilli-

197 2601 324 2658 cultates
339 2601 469 2671 inutiles,
488 2616 519 2658 ut
536 2615 636 2655 utrum
658 2603 761 2656 Petrus
778 2602 990 2674 pluslohanne
1009 2602 1181 2674 magistrum

154 2688 339 2745 ridilexetat
364 2690 407 2744 tel
429 2702 561 2759 econtra,
587 2702 614 2742 et
645 2688 803 2744 dileccioni
829 2688 993 2744 imitatorie
1017 2688 1129 2745 Christi
1155 2689 1184 2745 in

198 2776 332 2832 moribus
356 2776 531 2832 innitamur.
572 2778 694 2830 Certum
727 2775 847 2848 quidem
879 2790 921 2831 est
951 2779 1031 2849 quod
1057 2790 1184 2850 uterque

198 2861 317 2919 illorum
355 2864 483 2919 multum
518 2861 619 2918 dilexit
654 2863 810 2917 dominum
841 2866 941 2918 Iesum
967 2862 1121 2919 Christum
1156 2878 1184 2921 et

198 2963 324 3025 uterque
341 2950 445 3006 hahuit
462 2971 478 3006 a
497 2949 618 3007 Christo
635 2950 857 3023 prerogatitam
875 2949 1083 3006 imminentem
1102 2954 1183 3024 quod

198 3036 227 3093 in
252 3036 417 3093 dileccione
442 3052 556 3093 ceteros
587 3037 759 3094 excellebat.
785 3039 854 3093 ideo
880 3038 984 3093 vellem
1010 3039 1084 3095 tales
1109 3057 1184 3094 rane

154 3122 276 3181 Racirca
301 3124 373 3181 talia
406 3144 436 3180 se
461 3124 655 3181 sollicitantes
679 3124 901 3180 solicitudinem
937 3124 1025 3180 istum
1060 3144 1184 3198 suspen·

198 3213 268 3267 dere
292 3225 320 3267 et
345 3211 425 3267 circa
449 3213 601 3285 sequelam
621 3211 730 3269 Christi
756 3211 785 3266 in
804 3210 939 3267 moribus
963 3225 991 3267 et
1015 3212 1184 3269 humilitate

197 3298 368 3372 specialiter
392 3299 540 3354 laborare.
566 3301 624 3354 Sed
650 3300 705 3354 hoc
729 3298 847 3354 ridetur
872 3314 986 3355 certum
1011 3302 1094 3373 quod
1118 3318 1184 3373 pre-

198 3384 249 3441 lati
274 3385 411 3441 moderni
437 3385 679 3459 imperfectiores
704 3404 794 3460 quam
820 3386 931 3442 Christi
957 3385 1096 3458 discipuli
1114 3400 1184 3442 ante

199 3486 326 3528 mortem
361 3472 439 3528 circa
476 3472 677 3530 melioritatem
705 3475 890 3529 mundanam
917 3472 1089 3545 specialiter
1113 3491 1184 3528 con-

156 3562 356 3616 35tendentes
380 3558 509 3617 innuunt
535 3580 564 3616 se
586 3580 648 3616 esse
674 3559 824 3615 immunes
849 3579 865 3616 a
884 3559 1054 3615 maioritate
1072 3559 1183 3616 Christi

199 3645 365 3703 insensibili
391 3651 555 3703 secundum
575 3648 725 3704 racionem
752 3666 810 3720 qua
828 3647 981 3704 Christum
1000 3646 1030 3701 in
1049 3646 1184 3702 moribus

198 3747 405 3808 sequerentur.

242 3821 386 3896 Sequitur
410 3821 440 3877 in
465 3835 545 3878 textu
571 3820 725 3894 evangelii:
760 3821 799 3875 Et
833 3821 908 3876 dixit
931 3821 958 3875 ei
979 3820 1072 3877 Jestts.
1106 3822 1185 3895 qaod

200 3908 293 3982 sacia,
308 3910 366 3983 sac
389 3909 485 3965 cicius.
517 3910 582 3965 Hoc
605 3920 699 3964 utitem
724 3927 805 3964 uerno
825 3908 907 3964 sciuit
931 3908 1184 3977 disettrttbertct'ttm,

153 3996 238 4062 4oad
259 3996 329 4070 quid
351 3997 461 4052 dixerit
484 3997 517 4055 ei.
555 3997 680 4064 Quidam
710 3996 784 4051 enim
810 3997 951 4071 pertrabant
984 3995 1049 4069 quia
1074 3995 1184 4051 loculos

243 4238 286 4294 ⁴38,
303 4248 319 4291 Β
334 4249 356 4291 in
373 4261 445 4302 tuarg.
462 4261 522 4291 man.
539 4256 634 4292 recent:
649 4249 700 4291 IoIr.
716 4248 776 4297 XIII,
789 4261 826 4302 31·

251 4373 275 4424 8.
296 4375 391 4424 Psalm.
412 4376 498 4435 extu,
519 4378 541 4426 3.
633 4374 673 4424 38.
692 4374 750 4423 Ioh.
770 4375 834 4437 xut,
856 4378 965 4440 27—31.
