3098 5130
164 541 310 611 CAP.X11.]
459 552 504 601 DE
524 550 760 601 ANTlCllRlSTO
780 550 843 599 ΗΒ.
863 550 892 598 ll.

164 726 265 789 partes
278 711 369 768 simul
386 712 551 769 calefacere
575 724 603 768 et
628 711 812 785 frigefacere,
837 711 879 768 sic
904 710 1052 784 contingit
1069 711 1148 767 idem

164 800 254 858 simul
287 817 351 856 esse
376 799 506 856 calidum
534 813 562 856 et
586 798 728 872 frigidum
753 801 854 873 quoad
879 799 955 858 illas,
994 799 1043 856 Sic
1067 799 1147 855 enim

164 902 209 945 est
232 888 312 944 idem
339 890 431 943 homo
455 887 545 943 simul
569 886 685 943 calidus
709 900 738 943 et
762 886 898 960 frigidus,
937 905 1028 944 sanus
1053 901 1082 942 et
1107 887 1149 943 in·

166 975 281 1046 firmus,
316 987 348 1030 ut
381 988 531 1031 noverunt
556 973 755 1047 metaphysici
789 974 882 1031 libere
907 987 935 1030 et
959 973 1150 1047 impugnabi-

139 1061 234 1119 5liter
257 1062 473 1135 colloquentes.

209 1151 349 1207 Secundo
383 1150 474 1205 modo
508 1147 655 1221 contingit
692 1146 772 1204 idem
806 1150 972 1204 secundum
1013 1147 1150 1204 raciones

165 1235 301 1310 dispares
340 1237 451 1293 babere
484 1232 751 1291 denominaciones
791 1234 958 1291 contrarias
997 1249 1030 1290 ut
1069 1234 1147 1290 idem

166 1325 258 1380 homo
280 1324 446 1379 secundum
473 1321 610 1396 spiritum
645 1335 688 1378 est
716 1321 924 1396 incorporeus,
957 1322 1149 1391 immortalia,

165 1423 194 1467 et
226 1412 393 1466 secundum
429 1423 569 1466 naturam
603 1427 781 1483 corpoream
816 1423 859 1466 est
892 1409 1097 1483 corruptibilis
1122 1423 1151 1465 et

124 1496 317 1566 romortalis3
357 1510 385 1552 et
411 1497 463 1553 illo
487 1498 579 1552 modo
603 1513 673 1570 sepe
697 1514 766 1553 vere
795 1495 867 1553 dicit
892 1495 1042 1571 scriptura
1067 1499 1149 1570 quod

165 1586 258 1642 homo
282 1597 325 1640 est
349 1583 482 1658 spiritus,
518 1596 546 1639 et
570 1582 641 1639 alibi
674 1582 738 1640 sine
763 1582 825 1640 eius
849 1583 1053 1657 repugnancia
1077 1582 1150 1639 dicit

165 1673 247 1746 quod
271 1672 377 1727 eadem
396 1689 527 1745 persona
551 1669 683 1727 hominis
707 1685 751 1727 est
775 1670 925 1728 sensibilis
950 1684 978 1726 et
1003 1669 1150 1727 mortalis.

207 1755 317 1815 Tercio
350 1776 420 1814 vero
454 1758 545 1813 modo
568 1757 687 1813 videtur
710 1757 769 1814 dici
794 1757 946 1815 contraria
971 1759 1007 1814 de
1031 1759 1149 1821 eodem,

165 1847 237 1901 dum
262 1844 352 1901 fuerit
384 1844 546 1918 disparitas
580 1843 722 1917 racionis,
755 1859 787 1901 ut
820 1844 992 1902 subtiliores
1016 1844 1148 1917 theologi

127 1933 269 1990 r5dicunt
293 1933 376 2006 quod
403 1936 482 1988 Deus
506 1932 568 1987 vult
600 1945 759 2005 peccatum
784 1935 949 1989 secundum
976 1951 1038 1989 esse
1061 1950 1148 1988 suum

165 2021 330 2076 secundum
356 2021 413 2076 hoc
438 2033 470 2075 ut
494 2033 651 2092 peccatum
677 2019 816 2094 proficiat
839 2034 868 2076 et
892 2038 960 2076 cum
986 2023 1066 2076 Deus
1089 2037 1151 2075 non

165 2108 227 2162 vult
251 2106 325 2162 illud
350 2119 507 2179 peccatum
533 2107 699 2163 secundum
725 2125 788 2163 esse
812 2125 898 2163 suum
925 2106 1067 2180 primum,
1093 2107 1150 2162 hoc

166 2207 219 2264 est,
253 2212 314 2250 non
337 2193 399 2249 vult
432 2206 464 2249 ut
488 2207 626 2249 creatura
658 2206 772 2268 peccet,
806 2207 834 2250 et
867 2193 909 2250 sic
934 2212 1001 2250 cum
1026 2193 1150 2249 nonsit

166 2279 197 2337 in
220 2279 374 2354 equivocis
409 2279 625 2348 contradicci0‚
659 2294 742 2354 patet
766 2282 847 2356 quod
881 2299 941 2336 non
975 2293 1017 2336 est
1042 2298 1150 2353 repug-

124 2367 274 2424 20nancia
299 2367 328 2422 in
352 2367 450 2423 verbis
484 2366 634 2441 scripture
658 2368 745 2425 dictis
774 2370 810 2423 de
834 2367 960 2424 domino
984 2369 1148 2423 secundum

166 2453 356 2510 divinitatem
391 2473 474 2510 suam
510 2472 544 2510 ac
578 2455 800 2511 humanitatem
830 2468 862 2511 ut
895 2453 997 2511 omnia
1023 2453 1150 2528 positiva

167 2559 225 2614 que
249 2540 431 2598 humanitati
456 2541 568 2597 Christi
602 2555 808 2599 convenerunt
832 2555 901 2597 sunt
931 2543 967 2596 de
992 2540 1056 2614 ipso
1081 2539 1151 2595 sim·

167 2627 285 2702 pliciter
309 2629 514 2685 concedenda.
551 2628 663 2687 Omnia
688 2629 782 2687 eciam
812 2627 940 2703 positiva
964 2646 1023 2701 que
1046 2627 1150 2683 divini-

167 2715 221 2771 tati
250 2733 302 2770 sue
335 2728 457 2788 excepta
483 2716 634 2788 personali
669 2716 853 2790 proprietate
877 2714 1060 2771 conveniunt
1084 2728 1152 2769 sunt

125 2806 155 2856 25
167 2803 203 2859 de
228 2801 293 2876 ipso
311 2801 406 2858 eciam
431 2804 636 2873 concedenda,
661 2817 694 2860 ut
711 2802 888 2860 conceditur
905 2801 1054 2859 catholice
1070 2802 1151 2875 quod

169 2889 238 2945 licet
256 2888 393 2945 Christus
411 2890 556 2945 mundum
579 2889 724 2947 creaverit
747 2904 775 2947 et
797 2889 835 2946 sit
860 2903 989 2955 eternus,
1014 2889 1084 2963 quia
1109 2888 1151 2943 di·

167 2974 277 3032 vinitus
300 2975 375 3048 ipse,
401 2975 480 3032 idem
506 2990 606 3033 tamen
631 2977 768 3034 Christus
792 2991 836 3033 est
860 2991 978 3033 creatus
1002 2975 1151 3032 sensibilis

167 3077 195 3119 et
219 3062 366 3133 mortalia,
392 3062 462 3137 quia
486 3066 653 3120 secundum
684 3065 746 3121 eius
772 3063 991 3121 humanitatem
1018 3082 1073 3137 pro
1097 3082 1151 3119 suo

166 3164 313 3224 tempore.

125 3240 156 3290 lo
210 3239 398 3293 Erubescant
431 3236 521 3311 igitur
560 3236 702 3311 discipuli
727 3237 906 3294 Antichristi
939 3256 1007 3294 cum
1038 3237 1080 3294 sic
1105 3256 1151 3293 ar·

167 3337 277 3397 guunt:
303 3323 439 3381 Christus
465 3344 525 3381 non
550 3338 593 3380 est
610 3324 770 3395 sensibilis,
795 3325 945 3399 partibilis
967 3325 1014 3381 vel
1031 3323 1151 3379 mobilis

165 3412 331 3468 secundum
357 3410 557 3484 divinitatem,
582 3430 654 3485 ergo
679 3412 816 3468 Christus
839 3431 900 3468 non
924 3426 967 3468 est
991 3409 1151 3480 sensibilis,

166 3497 316 3572 partibilis
340 3500 386 3554 vel
411 3498 530 3556 mobilis
553 3499 659 3573 quovis
684 3501 790 3567 m0d03
829 3499 906 3556 sicut
942 3497 1021 3555 enim
1047 3498 1150 3553 fideles

167 3587 336 3642 concedunt
370 3587 405 3642 de
430 3585 550 3642 Christo
583 3586 760 3661 simpliciter
792 3587 873 3660 quod
906 3585 945 3641 sit
973 3586 1075 3655 homo,
1109 3585 1150 3640 sic

124 3677 154 3727 35
167 3675 335 3729 concedere
352 3674 461 3729 debent
486 3675 523 3730 de
547 3673 612 3748 ipso
637 3674 794 3747 predicata
819 3673 877 3729 alia
895 3691 954 3747 que
970 3685 1148 3746 sequuntur.

168 3760 237 3816 ldeo
254 3760 358 3816 dicunt
375 3761 493 3835 antiqui
518 3761 608 3834 logici
633 3762 714 3835 quod
732 3759 945 3817 inconveniens
971 3759 1046 3815 forct
1070 3759 1148 3814 idem

166 3849 333 3903 secundum
359 3848 438 3904 idem
463 3848 551 3905 simul
576 3848 727 3905 contrarie
760 3847 923 3906 nominari.
953 3850 988 3902 Et
1019 3865 1071 3921 per
1096 3848 1150 3902 hec

167 3948 248 4006 patet
273 3935 428 4008 responsio
447 3936 484 3991 ad
501 3935 653 3992 obiectum
678 3954 870 3992 communem
890 3935 920 3990 in
938 3935 993 3990 ista
1013 3934 1149 3989 materia.

166 4021 311 4094 Arguitur
344 4022 424 4078 enim
459 4023 663 4079 communiter
687 4024 768 4096 quod
794 4022 816 4078 si
843 4021 980 4079 Christus
1012 4023 1150 4076 turbatus

121 4121 220 4178 mest,
253 4108 325 4182 quia
358 4112 525 4166 secundum
550 4109 782 4175 humanitatem,
821 4110 939 4165 ridetur
963 4111 1043 4183 quod
1075 4110 1150 4165 foret

166 4209 315 4270 perpetuo
339 4200 543 4271 perturbatus,
579 4198 649 4270 quia
675 4212 784 4254 cuncta
809 4211 878 4253 sunt
903 4196 959 4252 sibi
984 4197 1151 4269 presencia.

219 4451 241 4492 6.
256 4451 277 4492 A
288 4449 310 4491 in
326 4461 412 4502 mara:
429 4460 457 4496 a:
471 4448 502 4490 ib.
518 4449 550 4490 A:
565 4450 690 4492 secandum
705 4455 810 4493 naturas.
905 4447 933 4491 13.
949 4450 969 4490 Α
984 4448 1008 4491 in
1024 4461 1110 4503 marg.:
1125 4461 1149 4502 3.

167 4501 199 4544 16.
214 4503 247 4543 A:
262 4500 385 4544 secuudum
400 4501 443 4543 lroc
457 4505 507 4550 est,⁴
521 4501 552 4542 ib.
569 4502 598 4543 b:
614 4514 660 4544 non
676 4503 747 4544 deest.

1188 3263 1299 3317 Sopltism
1315 3266 1341 3305 ot‘

1200 3316 1329 3357 Antichrist

1187 3369 1289 3410 louudcd
1305 3382 1334 3410 ou

1179 3420 1349 3473 cqrrirocutiou.
