3098 5130
192 476 258 520 cm.
275 466 324 549 ir]
488 483 533 532 ns
553 483 789 533 auricarusro
810 485 872 533 ris.
892 485 910 531 ι.

194 641 346 699 Christum
381 642 454 697 false
487 660 540 715 per
564 641 662 698 media
687 643 760 699 falsa
795 656 823 700 et
847 644 1024 717 blasphema
1049 662 1108 716 que
1131 663 1181 700 ne-

193 746 275 785 cesse
300 742 343 785 est
361 728 492 785 Domino
516 728 686 802 displicere.
711 731 781 786 Ideo
805 729 861 786 ista
886 730 1041 786 conclusio
1065 730 1182 786 videtur

194 833 227 872 ex
251 815 310 872 fide
335 815 481 890 evangelii
505 818 667 890 depurata;
697 829 726 872 et
749 815 791 873 ita
814 835 883 873 cum
908 816 947 873 sit
970 830 1054 874 tante
1078 818 1182 874 catho—

193 901 252 959 lica
283 922 388 960 omnes
422 903 525 960 fideles
558 917 586 960 et
620 903 792 979 specialiter
830 918 963 978 quatuor
1001 902 1180 961 clericorum

169 990 343 1047 §maneries
378 992 489 1047 debent
521 990 679 1048 exercitari
712 990 743 1047 in
767 990 894 1049 veritate
927 989 1016 1047 huius
1040 990 1110 1047 hdei
1134 1011 1182 1048 or-

193 1079 332 1153 thodoxe,
364 1091 393 1134 et
417 1097 484 1134 cum
507 1077 697 1135 taciturnitas
721 1077 759 1134 sit
783 1081 913 1154 quedam
939 1077 1088 1136 maneries
1112 1097 1182 1135 con-

193 1183 296 1220 sensus
320 1164 478 1221 hominum
503 1164 534 1221 in
559 1167 615 1221 hoc
639 1184 721 1231 casu,
751 1165 869 1222 videtur
892 1167 973 1240 quod
998 1167 1128 1223 tacendo
1151 1166 1182 1222 in

194 1264 307 1324 puncto
339 1266 401 1308 tam
425 1251 597 1309 necessario
620 1266 690 1308 sunt
719 1253 842 1310 heretici
866 1271 901 1310 ex
923 1271 1082 1310 consensu.
1120 1255 1182 1311 Nec
1206 1263 1251 1306 We
1266 1264 1323 1307 need
1341 1271 1380 1306 not

195 1351 313 1395 moveat
336 1341 419 1413 quod
442 1338 543 1395 clerici
568 1339 654 1396 multi
679 1353 748 1396 sunt
771 1340 850 1412 laici,
875 1353 908 1396 ut
932 1353 1015 1414 patet
1038 1341 1075 1396 de
1099 1317 1360 1412 eror-¹³⁵lem³⁶clgr¹¹k¹2t
1374 1320 1399 1360 οἵ

155 1424 277 1482 rocistis
301 1440 329 1482 et
354 1425 420 1482 aliis
437 1426 488 1501 qui
514 1426 636 1483 racione
653 1425 750 1501 prime
774 1440 897 1484 tonsure
920 1427 1063 1484 dicuntur
1080 1427 1181 1485 clerici

195 1511 316 1583 literati,
345 1512 417 1588 quia
441 1512 513 1587 ipsis
537 1513 730 1570 existentibus
746 1513 857 1588 ydiotis
882 1528 910 1571 et
927 1514 1069 1571 existente
1092 1534 1181 1589 opor-

194 1598 324 1656 tunitate
356 1599 531 1674 requirendi
566 1600 643 1658 alios
674 1600 846 1674 superiores
879 1601 1004 1658 clericos
1028 1620 1089 1658 non
1113 1616 1182 1658 sunt

194 1685 250 1742 rite
283 1686 419 1761 requisiti
452 1706 470 1744 a
503 1687 586 1744 laicis
614 1690 651 1745 de
678 1688 766 1745 huius
795 1689 963 1763 questione.
1010 1690 1085 1746 Cum
1110 1707 1182 1763 ergo

194 1776 335 1830 sacerdos
359 1776 404 1830 vel
427 1773 483 1830 sibi
508 1774 681 1848 equivalens
705 1777 794 1833 debet
816 1778 982 1833 secundum
1012 1775 1180 1833 doctrinam

157 1860 276 1919 15Petri
300 1878 364 1917 esse
388 1874 512 1935 paratus
535 1863 573 1918 ad
597 1863 730 1919 dandum
762 1862 915 1920 racionem
941 1864 978 1919 de
1000 1882 1182 1938 quacunque

196 1947 354 2022 questione
371 1948 450 2019 fidei,
468 1962 552 2023 patet
568 1949 656 2005 huius
671 1949 781 2007 veritas
797 1949 1017 2020 conclusionis;
1039 1963 1068 2006 et
1086 1950 1182 2007 multo

197 2034 370 2092 evidencius
385 2035 521 2110 sequitur
538 2037 595 2093 hoc
619 2039 656 2093 de
672 2056 761 2110 papa,
786 2036 946 2112 episcopis,
971 2038 1181 2094 claustralibus

198 2136 227 2179 et
261 2122 395 2197 prelatis.
434 2123 493 2197 lpsi
526 2123 606 2180 enim
631 2142 664 2180 ex
689 2124 746 2180 hoc
770 2125 879 2181 debent
916 2141 980 2181 esse
1012 2125 1182 2198 superiores

197 2209 322 2266 ecclesie
359 2213 441 2285 quod
473 2212 583 2267 debent
616 2229 679 2267 esse
717 2212 755 2268 ad
795 2211 1028 2268 ministrandum
1062 2211 1118 2268 sibi
1151 2211 1181 2268 in

153 2295 345 2368 nospirituali
379 2296 548 2354 ministerio
580 2297 790 2371 prompciores
822 2312 851 2355 et
875 2299 906 2355 in
930 2299 1181 2355 concernentibus

196 2396 308 2455 puncta
341 2384 411 2441 fidei
435 2385 601 2442 docciores.
636 2386 712 2440 Cum
746 2403 817 2459 ergo
843 2384 933 2441 hodie
957 2398 1075 2441 tantum
1100 2385 1181 2442 inva-

195 2470 279 2526 lescit
315 2471 427 2528 heresis
451 2471 481 2527 in
505 2473 562 2528 isto
587 2484 699 2545 puncto
723 2472 875 2529 contraria
911 2470 980 2528 fidei
1004 2473 1181 2542 orthodoxe,

196 2570 279 2630 patet
296 2562 376 2633 quod
401 2559 475 2615 tales
499 2558 600 2616 clerici
616 2558 783 2616 similantes
807 2560 896 2615 hodie
918 2558 947 2614 in
972 2561 1182 2632 respondendo

197 2643 245 2699 isti
271 2645 396 2702 materie
412 2659 540 2719 peccant
563 2645 693 2719 graviter
710 2664 743 2702 ex
761 2664 924 2715 consensu;
949 2660 977 2702 et
1002 2659 1084 2720 patet
1108 2665 1182 2720 quo·

155 2736 184 2787 25
198 2733 288 2786 modo
305 2733 378 2789 tales
395 2751 428 2789 ex
445 2752 592 2790 consensu
604 2733 715 2789 heresis
738 2733 937 2809 probabiliter
953 2747 1022 2789 sunt
1039 2733 1180 2808 suspecti.

239 2820 378 2876 Secunda
402 2820 556 2877 conclusio
589 2819 672 2877 illata
695 2839 728 2877 ex
761 2821 818 2877 ista
850 2819 1040 2894 quadruplici
1071 2839 1181 2895 propo·
1218 2831 1372 2884 imponor

196 2903 309 2962 sicione
333 2908 505 2981 evangelica
528 2920 586 2964 stat
610 2907 641 2963 in
665 2907 737 2964 isto:
767 2907 835 2964 licet
858 2921 985 2983 uterque
1009 2925 1088 2981 papa
1112 2926 1179 2964 cum
1204 2891 1384 2980 ἒξξῗῇἶῖῃὲῗ,

197 2992 338 3049 omnibus
362 2993 423 3050 suis
456 2993 660 3051 cardinalibus
694 2995 755 3051 sive
778 2994 930 3068 aliquibus
955 3013 1060 3051 eorum
1085 2994 1179 3052 vicem

197 3079 369 3152 gerentibus
392 3083 526 3155 sepultus
544 3081 632 3138 luerit
656 3081 686 3137 in
710 3082 839 3152 inferno,
864 3095 966 3139 tamen
989 3081 1104 3139 viantes
1128 3101 1182 3156 po·

154 3175 296 3224 30terunt
340 3187 401 3224 non
435 3168 534 3225 minus
572 3168 701 3226 faciliter
740 3169 959 3226 beatitudinem
1003 3169 1179 3243 promereri.

197 3254 282 3309 Patet
306 3272 338 3310 ex
363 3256 421 3311 hoc
451 3258 532 3329 quod
556 3275 636 3330 papa
660 3269 689 3312 et
713 3256 882 3313 cardinales
906 3256 1025 3313 fuerant
1049 3276 1110 3313 non
1134 3275 1181 3312 or·

196 3340 291 3397 dinati
315 3360 332 3397 a
357 3342 490 3399 Domino
524 3344 574 3400 sed
600 3361 653 3417 per
685 3343 840 3401 diabolum
874 3343 1040 3400 introducti
1065 3358 1093 3401 et
1117 3357 1180 3399 tum

196 3446 250 3500 per
267 3447 464 3504 consequens,
488 3448 556 3486 cum
574 3449 636 3487 non
652 3426 882 3504 intrarunt'per
899 3430 1051 3487 Christum
1069 3430 1180 3488 ostium

196 3514 226 3570 in
255 3515 423 3586 ecclesiam,
456 3530 525 3573 sunt
558 3536 592 3574 ex
625 3517 684 3573 fide
712 3517 857 3592 evangelii
890 3519 956 3573 Joh.
986 3519 1011 3572 X
1044 3517 1123 3573 fures
1154 3530 1182 3573 et

154 3601 327 3659 35latrones
343 3602 513 3676 specialiter
537 3606 637 3678 quoad
662 3606 740 3662 bona
764 3604 933 3679 spiritualia
956 3603 1082 3660 ecclesie
1106 3603 1183 3659 mili·

195 3688 293 3748 tantis.
318 3691 350 3745 ln
374 3690 459 3746 cuius
476 3690 595 3765 signum
612 3710 724 3748 nomen
750 3710 826 3766 pape
848 3704 877 3747 et
902 3690 1102 3747 cardinalium
1120 3710 1182 3747 non
1232 3716 1294 3772 pope
1309 3717 1354 3759 and

196 3774 336 3832 inseritur
353 3776 383 3833 in
400 3777 559 3852 scriptura,
583 3780 635 3834 sed
654 3782 698 3845 (ut
715 3779 905 3836 cronicantes
922 3778 1065 3848 referunt)
1083 3776 1182 3851 primo
1210 3770 1382 3864 ῇξῇζξοῆξξάᾞξ

195 3865 318 3935 quando
338 3882 486 3921 venenum
511 3865 639 3922 effusum
662 3866 756 3922 estin
783 3865 918 3935 ecclesia,
944 3879 987 3922 est
1016 3864 1180 3921 inventum.
1231 3875 1360 3928 Scriptum.

195 3950 271 4005 Cum
298 3970 368 4025 ergo
392 3965 454 4011 tam
479 3952 510 4008 in
534 3953 599 4027 lege
622 3953 715 4010 veteri
739 3972 830 4028 quam
855 3966 994 4026 tempore
1018 3954 1055 4008 ab
1079 3969 1182 4008 ascen·

151 4035 279 4113 40sione
312 4038 434 4095 Domini
467 4057 561 4114 usque
593 4041 632 4097 ad
664 4052 784 4114 tempus
813 4039 901 4096 huius
924 4057 1073 4096 venenose
1097 4041 1182 4095 dota·

195 4121 296 4181 ciones
321 4125 445 4182 ecclesie
477 4126 606 4200 longius,
635 4126 760 4201 spissius
784 4146 876 4202 quam
902 4128 993 4184 modo
1026 4125 1181 4183 christiani

248 4329 386 4382 rohrque.
427 4329 630 4372 auhmistam.
684 4326 1015 4374 23.n:snm·taures;irac0d.
1051 4327 1182 4378 aaran:

194 4383 217 4421 et
238 4383 304 4433 patet
325 4386 497 4423 et-cousensu
521 4381 593 4422 deest.
668 4382 703 4423 26.
727 4382 749 4423 A
769 4381 792 4423 in
814 4393 900 4434 margi:
925 4379 1032 4423 Secunda
1057 4381 1183 4422 couchrsr'o.

195 4430 227 4473 32.
244 4432 271 4474 B:
288 4437 334 4473 tum
349 4432 419 4474 deest.
436 4429 470 4474 38.
486 4434 519 4475 A:
535 4434 615 4475 idest.
