3098 5130
167 516 235 560 CAP.
251 505 325 588 xus]
447 524 491 573 DE
511 523 747 573 ANTlCHRlSTO
768 525 830 573 ΗΒ.
850 524 879 573 ll.

214 682 293 748 Quid
313 695 356 739 est
378 694 490 738 autem:
514 701 595 757 quem
613 683 754 760 diligebat
768 684 874 739 lesus?
901 685 995 761 Quasi
1009 685 1083 739 alios
1098 704 1153 741 non

169 770 316 847 diligeret,
349 771 385 826 de
408 771 508 844 quibus
531 771 606 826 idem
630 770 691 847 ipse
712 771 858 827 lohannes
886 773 1021 848 superius
1043 772 1098 826 ait:
1121 773 1153 826 In

160 856 253 932 finem
278 857 382 913 dilexit
406 876 464 914 eos.
491 858 530 913 Et
554 858 615 932 ipse
630 858 789 914 Dominus:
805 858 948 915 Maiorem
974 859 1029 914 liae
1045 858 1152 914 carita·

168 955 224 999 tem
248 962 330 999 nemo
347 943 433 1001 habet
455 964 539 1020 quam
565 955 595 999 ut
619 945 745 1001 animam
762 964 845 1001 suam
866 957 958 1022 ponat
979 965 1036 1021 pro
1052 946 1154 1001 amicis

144 1031 237 1087 5suis.
261 1031 300 1086 Et
323 1031 385 1106 quis
409 1043 557 1088 enumeret
580 1032 675 1088 omnia
699 1033 865 1088 diuinarum
889 1033 1052 1089 testimonia
1065 1033 1153 1110 pugi·

169 1135 273 1173 narum
296 1119 398 1194 quibus
414 1120 560 1175 Dominus
580 1120 665 1175 lesus
688 1138 743 1175 uon
768 1120 846 1175 illius
869 1138 957 1195 neque
980 1138 1155 1194 eorumque

168 1216 234 1260 tunc
257 1216 341 1261 erant
364 1216 475 1262 tantum
499 1208 551 1262 sed
573 1206 663 1262 eciam
676 1218 745 1282 post
759 1208 937 1281 futurorum
955 1207 1152 1262 membrorum

167 1311 287 1347 suorum
312 1304 340 1349 et
362 1295 453 1349 tocius
469 1293 587 1350 ecclesie
604 1294 728 1350 dilector
740 1293 920 1349 ostenditur?
944 1295 1002 1349 Sed
1017 1295 1153 1369 profecto

168 1380 238 1436 latet
262 1380 306 1435 nic
329 1380 441 1454 aliquid
463 1392 490 1437 et
509 1380 637 1456 pertinet
660 1382 700 1437 ad
721 1381 815 1437 sinum
840 1382 867 1436 in
890 1399 946 1457 quo
970 1381 1154 1437 recumbebat

128 1467 216 1540 ioqui
237 1468 291 1522 ista
316 1467 436 1523 dicebat.
471 1470 529 1524 Per
560 1468 654 1524 sinum
678 1468 782 1544 quippe
805 1468 874 1543 quid
904 1467 986 1523 alitcd
1017 1468 1154 1544 signatur

166 1571 252 1628 quam
269 1566 423 1611 secretum.
449 1556 508 1611 Sed
522 1555 598 1612 alius
620 1567 663 1611 est
687 1556 880 1632 opportunior
896 1556 985 1621 locine,
1010 1555 1058 1610 ubi
1073 1555 1154 1610 nobis

168 1641 310 1697 Dominus
320 1642 431 1716 aliquid
441 1642 526 1697 donet
537 1643 572 1698 de
582 1644 636 1698 lioc
646 1654 758 1699 secreto
768 1654 904 1717 qiiantum
915 1641 1035 1718 sufficit,
1047 1642 1152 1700 dicere.

212 1729 306 1784 Innuit
329 1747 403 1806 ergo
428 1729 527 1784 Simon
552 1730 657 1786 Petrus
681 1742 708 1785 et
732 1731 802 1786 dicit
826 1731 866 1786 ei:
889 1731 1026 1786 Notando
1044 1729 1153 1785 locucio

167 1826 224 1870 est:
246 1815 326 1871 Dicit
341 1817 460 1892 aliquid,
486 1835 541 1872 iton
556 1818 687 1874 sonando
708 1819 760 1874 sed
776 1817 975 1874 tautummodo
999 1817 1152 1872 innuendo.

128 1903 272 1972 15lnnuit,
304 1904 403 1978 inquit,
436 1914 463 1959 et
487 1904 570 1959 dicit:
602 1905 698 1980 utique
729 1906 872 1961 innuendo
906 1904 983 1961 dicit.
1024 1905 1058 1960 Si
1079 1904 1152 1960 euim

166 1990 324 2067 cogitando
341 1991 452 2065 aliquid
468 1991 583 2060 dicitur,
600 1992 674 2047 sicut
683 1993 832 2067 scriptura
849 1992 993 2065 loquitur:
1004 1991 1154 2047 Dixerunt

166 2079 245 2151 opud
267 2078 452 2154 semetipsos:
484 2089 589 2152 queunte
614 2079 709 2155 magis
733 2079 885 2149 innuenda,
910 2078 958 2134 ubi
984 2079 1041 2133 iam
1061 2078 1154 2151 joras

167 2165 409 2241 qualibuscunque
431 2165 525 2241 siguis
545 2166 695 2238 promitur
710 2167 788 2240 quod
804 2165 910 2238 suerat
933 2165 961 2220 iu
978 2165 1067 2220 corde
1087 2183 1152 2220 con-

167 2263 289 2327 ceptum.
321 2253 399 2320 Quid
422 2270 495 2330 ergo
523 2251 599 2306 dixit
626 2252 791 2309 innuendo?
821 2252 900 2318 Quid
929 2252 984 2306 nisi
1011 2253 1088 2326 quod
1109 2269 1153 2307 se·

124 2357 156 2390 20
168 2339 280 2413 quitur:
308 2340 385 2407 Quid
408 2350 450 2395 est
474 2340 586 2415 dequo
611 2340 702 2395 dicit?
724 2339 788 2395 Hec
812 2340 899 2395 uerba
925 2339 1030 2394 Petrus
1053 2339 1153 2409 innuit,

167 2427 232 2499 qnia
257 2445 312 2482 non
336 2446 406 2483 sono
431 2427 508 2483 uocis
531 2428 583 2481 sed
607 2438 685 2483 motu
711 2425 845 2501 corporis
861 2426 945 2482 dixit
969 2426 1069 2500 Itaque
1088 2444 1152 2481 cum

168 2515 344 2570 recubuisset
368 2514 417 2569 ille
439 2532 529 2588 supra
550 2525 651 2590 pectus
673 2514 752 2583 lesu,
776 2513 821 2569 liic
844 2525 886 2569 est
910 2513 1006 2587 utique
1024 2512 1154 2589 pectoris

166 2601 254 2669 sinus,
279 2602 421 2676 sapiencie
443 2613 596 2667 secretum,
625 2601 694 2657 dicit
718 2601 758 2657 ei:
786 2601 911 2656 Domine
931 2600 993 2675 quis
1017 2600 1069 2656 es?
1097 2601 1153 2655 Re·

166 2689 283 2763 spondit
305 2689 403 2744 Jesus:
427 2689 480 2743 Ille
495 2699 538 2744 est
560 2689 608 2745 cui
629 2707 684 2766 ego
708 2688 825 2744 tinctum
847 2707 953 2764 panem
973 2704 1153 2763 porrexero.

125 2775 207 2830 25131
231 2794 294 2830 cum
319 2776 454 2832 tinxisset
467 2795 583 2851 punem,
608 2777 686 2832 dedit
712 2776 781 2831 lude
798 2776 923 2831 Sitnonis
940 2774 1090 2830 Scariotis.
1116 2774 1154 2829 Et

165 2874 232 2937 post
252 2881 358 2938 panem
383 2875 449 2920 tunc
473 2863 603 2920 introivit
618 2864 645 2918 in
671 2864 751 2918 illum
773 2873 900 2922 satanas.
924 2862 1096 2938 Expressus
1113 2872 1155 2918 est

168 2951 307 3021 traditor,
332 2953 439 3007 nudate
454 2962 520 3006 suut
537 2952 648 3007 latebre
664 2952 860 3009 tenebrarum.
885 2951 999 3006 Bonum
1020 2959 1061 3005 est
1078 2949 1156 3023 quod

168 3037 278 3112 accepit
301 3040 353 3093 sed
368 3039 446 3094 ntalo
467 3058 520 3095 suo
544 3039 670 3114 accepit;
694 3039 770 3094 male
794 3039 897 3094 bonum
915 3038 1010 3093 malus
1033 3036 1153 3110 accepit.

174 3122 279 3180 Verum
305 3126 340 3181 de
363 3125 417 3182 isto
438 3143 514 3201 pane
538 3126 627 3182 tincto
650 3127 699 3200 qui
717 3137 875 3201 porrectus
898 3136 940 3181 est
955 3125 1040 3201 ficto,
1069 3135 1095 3180 et
1119 3124 1155 3179 de

125 3212 222 3266 soniis
245 3229 299 3285 que
321 3224 480 3287 sequuntur
503 3214 593 3268 multa
611 3213 731 3269 dicenda
755 3224 821 3269 stent
836 3213 938 3289 quibus
959 3212 1152 3268 necessarium

168 3312 208 3354 est
230 3301 298 3375 plus
321 3300 460 3376 temporis
493 3318 579 3374 quam
603 3318 677 3356 nttnc
700 3301 837 3357 babemus
860 3301 917 3355 iam
942 3299 969 3354 in
994 3300 1076 3355 istius
1091 3297 1155 3374 fine

167 3387 319 3442 sermonis.
346 3389 407 3443 llec
432 3386 627 3458 Augustinus

211 3473 338 3529 Videtur
362 3472 563 3546 Augustinum
589 3472 747 3546 concipere
771 3475 853 3548 quod
876 3471 1015 3528 turbacio
1041 3470 1152 3528 Christi
1198 3482 1277 3525 christ
1294 3493 1341 3523 uvas

168 3563 204 3615 de
228 3560 367 3616 Scarioth
400 3561 454 3616 suit
486 3560 629 3634 precipue
662 3574 785 3634 propter
817 3573 974 3634 peccatum
1012 3578 1099 3614 suum
1125 3533 1368 3629 estsgffffiljflldla‘ss'ss

126 3656 246 3705 lsfiseerc
271 3666 323 3703 sue
345 3647 475 3704 heretice
499 3667 589 3720 quam
617 3646 733 3703 mistice
758 3648 917 3720 figurabat.
943 3647 1055 3701 Omnes
1073 3644 1153 3700 enim
1196 3638 1330 3733 wfc'ffls'jffis

169 3735 292 3790 heretici
317 3748 476 3808 sequentes
500 3736 683 3804 sacerdotem
720 3733 855 3808 episcopi
888 3733 932 3788 vel
958 3732 1075 3806 prelati,
1101 3732 1151 3806 qui
1196 3723 1200 3731 ⁸
1278 3722 1282 3730 ²
1321 3721 1338 3733 ⁴

170 3841 229 3874 non
255 3836 423 3895 sequuntur
440 3821 590 3876 Christum
615 3823 666 3876 sed
685 3822 823 3877 Scarioth
841 3821 869 3875 in
893 3819 1033 3893 cupidine
1060 3820 1153 3874 hono-

171 3908 209 3960 ris
246 3909 390 3964 mundani
428 3922 456 3964 et
493 3908 718 3981 temporalium,
758 3908 788 3962 in
822 3907 962 3964 Scarioth
996 3921 1152 3981 tamquam

222 4236 252 4265 io.
275 4225 306 4265 A:
325 4224 413 4278 signat.
509 4220 535 4263 15.
557 4221 586 4263 D:
603 4222 682 4275 uu'mee
697 4221 815 4264 innuendo
830 4220 894 4263 dicit.
985 4221 1015 4262 18>
1031 4222 1064 4263 A:
1073 4219 1154 4275 suerit

168 4276 244 4317 corde.
300 4287 334 4327 tt.
351 4279 447 4328 Atego
462 4274 533 4316 deest.
589 4278 622 4316 28.
639 4277 716 4317 Recte:
732 4273 1147 4328 quiomalebonummalusaccepit

168 4325 200 4368 35³.
217 4331 249 4369 h:
266 4328 424 4383 ilicgustiuus;
438 4330 459 4371 Α
475 4326 497 4368 iu
510 4339 597 4380 murg.:
612 4327 737 4369 lohannes.

222 4456 244 4504 3.
263 4454 322 4504 loh.
342 4455 396 4515 XV,
420 4455 458 4505 13.
533 4452 570 4503 16.
590 4455 650 4519 Sap.
672 4455 701 4514 ll,
724 4471 743 4503 t.
