3030 5130
208 1309 359 1350 l'nnsshmen*

189 1360 242 1403 nus
258 1372 320 1415 upcsn
336 1364 373 1401 the

180 1416 233 1457 bad.
248 1414 288 1454 but
298 1420 334 1455 tot
346 1414 383 1453 us.-

213 1466 266 1507 ·ske
280 1467 306 1507 ol
320 1469 358 1506 ιΙιι

249 1519 318 1567 ataid.

637 437 728 486 oeus
746 437 999 486 izvssotzisctu
1020 437 1083 487 ssu.
1103 437 1144 485 ιιι.
1263 419 1345 499 [eso.
1361 433 1379 474 ι.

392 599 433 652 ad
460 598 613 672 populum,
646 598 760 653 dicens:
794 599 890 673 Super
921 598 1091 652 cathedram
1117 597 1220 673 Moesi
1246 596 1384 651 sederunt

393 685 489 739 scribe
522 698 549 739 et
577 684 720 759 pharisei.
752 696 782 737 ut
815 685 935 741 illorum
974 685 1105 758 confusio
1142 684 1265 738 istorum
1294 683 1385 758 jieret

395 772 557 847 disciplina.
592 772 811 845 lnsructuosurn
845 790 968 847 namque
999 785 1041 827 est
1071 772 1190 826 verbum
1214 771 1242 824 in
1264 789 1322 844 qun
1343 770 1385 823 sic

394 860 473 914 alter
495 859 689 932 confunditur
711 870 742 912 ut
764 860 842 914 alter
864 877 919 914 nou
943 860 1105 914 erudiatur.
1144 858 1219 913 Nam
1253 870 1280 912 et
1305 858 1385 911 Deus

395 965 452 1000 non
480 958 607 1021 propter
640 946 734 1001 malos
765 947 992 1021 castigacionem
1024 964 1114 1019 super
1145 956 1257 1000 terram
1290 956 1411 1001 trans-5

396 1033 492 1099 mittit,
515 1034 568 1087 sed
586 1045 712 1108 propter
735 1033 833 1090 bonos.
863 1034 924 1089 Scit
950 1034 1025 1088 euim
1048 1034 1126 1107 quod
1149 1032 1242 1086 malos
1257 1030 1386 1108 flagella

396 1139 452 1175 nou
476 1120 642 1196 corrigunt,
666 1121 719 1175 sed
734 1120 814 1175 Dens
831 1122 925 1175 malos
948 1121 1075 1195 castigat
1090 1131 1121 1174 ut
1137 1120 1272 1195 corrigat
1287 1119 1386 1173 hortos.

397 1208 461 1281 quia
507 1208 597 1263 honus
643 1208 699 1263 uisi
739 1208 906 1263 admonitus
937 1208 1035 1281 suerit
1075 1225 1131 1282 per
1172 1205 1385 1284 negligenciam

397 1295 549 1349 evanescit.
594 1293 744 1368 Numquid
780 1312 854 1372 ergo
896 1294 1032 1350 Christus
1067 1313 1123 1348 nou
1158 1293 1252 1368 potuit
1285 1310 1385 1348 eorum

398 1382 649 1457 interrogaciones
684 1382 910 1458 contempnere?
940 1382 999 1437 Sed
1026 1381 1116 1437 voluit
1138 1381 1274 1457 indignos
1297 1380 1387 1456 digne
1402 1405 1432 1435 ιι»

399 1469 513 1535 docere,
547 1481 577 1523 ut
609 1470 716 1546 dignos
749 1470 839 1546 digne
870 1469 1029 1545 edificaret.
1054 1469 1134 1523 Sicut
1158 1469 1185 1522 iu
1209 1467 1387 1523 secularibus

399 1555 427 1609 in
460 1574 493 1611 eo
523 1557 602 1631 quod
624 1556 701 1611 alter
720 1557 907 1631 pauperescit
938 1557 1016 1612 alter
1038 1556 1162 1624 ditatur,
1186 1568 1213 1610 et
1236 1555 1292 1609 nisi
1312 1554 1389 1608 alter

399 1643 586 1699 descenderet
617 1644 694 1699 alter
727 1663 783 1698 nou
815 1645 994 1712 ascenderet,
1020 1642 1062 1697 sic
1085 1654 1111 1698 et
1135 1643 1163 1697 in
1188 1642 1388 1716 spiritualibus

399 1748 432 1785 eo
455 1731 532 1803 quod
554 1731 631 1785 alter
654 1731 848 1806 conscenditur
879 1731 954 1785 alius
986 1731 1166 1785 emendatur.
1206 1730 1285 1796 Quid
1315 1747 1390 1804 ergo

400 1816 469 1872 dicit
501 1818 537 1872 de
558 1817 782 1873 sacerdotibus?
814 1819 910 1893 Super
932 1818 1103 1873 cathedram
1128 1817 1233 1896 Mttysl
1253 1818 1389 1872 sederunt
1405 1828 1432 1876 i}

400 1904 493 1959 scribe
516 1918 543 1960 et
563 1905 706 1979 pharisei,
732 1905 762 1959 id
785 1917 837 1975 est,
862 1905 947 1960 nicilti
967 1906 1136 1960 sacerdotes
1152 1916 1178 1958 et
1193 1904 1281 1977 panici
1295 1920 1390 1958 sacer-

401 1992 491 2059 dotes,
524 1991 610 2047 multi
639 1992 668 2046 iu
701 1992 816 2047 nomine
842 2002 869 2048 et
889 1993 979 2067 pauci
1005 1992 1033 2047 in
1057 2010 1152 2067 opere.
1199 1991 1296 2046 l'idete
1318 2006 1392 2065 ergo

400 2080 545 2153 quomodo
577 2080 703 2135 sedeatis
733 2097 823 2154 super
854 2098 929 2148 eam,
961 2080 1027 2154 quia
1060 2080 1201 2135 cathedra
1234 2098 1289 2133 non
1311 2076 1390 2152 jacit

401 2166 582 2221 sacerdotem
606 2167 658 2221 sed
679 2167 819 2222 sacerdos
841 2167 1021 2222 cathedram.
1047 2166 1111 2221 Nou
1136 2166 1216 2221 locus
1231 2165 1390 2240 sanctificat

402 2253 545 2308 huminem
577 2254 630 2308 sed
663 2255 748 2309 homo
782 2254 886 2309 locum.
935 2254 999 2309 Non
1023 2254 1117 2309 omuis
1148 2254 1288 2310 sacerdos
1310 2269 1380 2307 sanc
1404 2278 1436 2311 ιο

402 2351 448 2395 tus
474 2352 516 2396 est
548 2341 600 2395 sed
636 2340 729 2396 omnis
760 2353 876 2397 sanctus
906 2342 1054 2396 sacerdos.
1097 2340 1155 2407 Qui
1184 2340 1254 2395 liene
1284 2338 1392 2395 sederit

403 2445 492 2501 super
515 2428 686 2483 cathedram
716 2428 855 2484 honorem
879 2428 1016 2502 accipiet;
1049 2427 1098 2501 qui
1120 2427 1197 2482 male
1218 2428 1325 2482 sederit
1350 2426 1391 2478 in·

404 2513 508 2569 iuriam
526 2515 606 2588 facit
630 2515 778 2571 cathedre.
807 2516 930 2590 Ideoque
957 2515 1052 2569 malus
1075 2515 1214 2570 sacerdos
1237 2515 1272 2568 de
1295 2530 1390 2568 sacer-

405 2602 487 2657 docio
519 2620 571 2656 suo
609 2603 719 2657 crimen
751 2602 880 2676 adquirit
915 2621 970 2656 non
1001 2601 1182 2677 dignitatem.
1224 2601 1255 2654 lu
1288 2599 1393 2653 iudicio

405 2688 478 2743 euim
515 2690 618 2745 sedens
649 2689 675 2744 si
705 2689 819 2765 quidem
853 2690 923 2743 hene
961 2688 1072 2743 vixeris
1109 2700 1136 2742 et
1168 2689 1238 2742 hene
1260 2684 1435 2745 docuerim}

404 2776 530 2831 omnium
569 2777 660 2832 iudex
692 2777 759 2832 eris.
798 2776 832 2831 Si
862 2787 957 2830 autem
990 2775 1060 2829 liene
1092 2774 1226 2829 docueris
1258 2786 1284 2828 et
1317 2772 1395 2828 male

405 2861 517 2918 vixeris
548 2864 592 2917 tui
620 2863 719 2918 solius.
757 2863 832 2918 Nam
867 2863 940 2918 hene
973 2861 1094 2916 virendo
1123 2873 1149 2916 et
1173 2861 1242 2915 liene
1265 2859 1394 2915 docendo

402 2950 544 3024 populum
569 2950 689 3006 instruis
712 2950 856 3024 quomodo
880 2949 982 3004 dehent
1006 2949 1113 3015 viuere,
1137 2959 1164 3002 et
1181 2947 1256 3002 triale
1272 2946 1394 3001 virendo

405 3037 549 3111 quomodo
574 3037 674 3092 debeat
707 3035 922 3110 condempnari.
960 3036 1007 3089 Ad
1027 3034 1167 3110 populum
1205 3046 1300 3089 aretem
1338 3033 1395 3088 sic:

411 3125 514 3178 lhuuia
539 3141 703 3197 quecunque
727 3123 837 3178 dixerit
862 3122 940 3177 vohis
972 3133 1089 3177 seruate
1110 3132 1137 3177 et
1154 3121 1261 3195 jacite,
1292 3139 1392 3177 secuu-
1407 3133 1438 3182 30

408 3211 475 3265 dum
492 3212 579 3285 sacta
606 3230 675 3265 uero
699 3228 799 3266 eorum
825 3209 912 3263 nolite
929 3208 1053 3282 sacere;
1075 3208 1106 3263 id
1129 3220 1181 3277 est,
1207 3226 1257 3263 uos
1280 3209 1329 3283 qui
1349 3225 1394 3263 se-

407 3298 480 3352 detis
503 3299 531 3352 iu
555 3298 674 3353 ecclesia
698 3297 781 3372 quasi
803 3296 912 3351 iudices
926 3297 1113 3351 sacerdotum
1131 3306 1157 3351 et
1174 3314 1229 3351 non
1246 3296 1396 3350 auditores

406 3384 500 3440 aliena
537 3384 724 3440 discucientes
755 3395 781 3438 ιι
802 3382 928 3458 propria
951 3401 1007 3439 uon
1034 3383 1249 3438 considerantes
1273 3383 1397 3438 indicate

408 3473 444 3526 de
475 3471 685 3530 sacerdotibus.
721 3471 802 3524 Sicut
826 3488 876 3526 vos
907 3488 1005 3525 omnes
1041 3470 1148 3525 auditis
1171 3481 1196 3525 et
1220 3489 1275 3525 non
1292 3469 1397 3543 fucitis

407 3576 505 3614 omues
527 3559 604 3634 quod
636 3557 751 3633 auditis,
782 3557 824 3612 sic
855 3567 883 3612 et
908 3558 1077 3613 sacerdotes
1105 3575 1199 3612 omues
1223 3558 1324 3613 docent
1346 3556 1438 3618 sedus

409 3663 463 3700 non
488 3663 586 3701 onines
600 3645 720 3719 saciuut
743 3645 821 3718 quod
844 3645 955 3699 docent.
991 3645 1067 3699 Nam
1091 3644 1120 3698 ιἰι
1146 3645 1308 3700 homiuibus
1332 3643 1396 3720 dig-

409 3731 483 3787 uitas
506 3734 620 3807 quidem
646 3732 762 3787 diversa
787 3743 838 3795 est,
867 3732 993 3786 onmium
1017 3743 1112 3786 ιιιιιιιιι
1137 3744 1241 3786 ηαιιιι·α
1266 3750 1321 3785 uim
1345 3741 1395 3786 est.

477 4058 496 4100 3.
512 4058 542 4100 B:
566 4055 810 4113 r'nsrttctuosissirnum.
868 4073 885 4111 ι.
906 4060 935 4100 ll:
958 4059 1009 4102 Non
1024 4060 1085 4103 enim
1100 4061 1170 4103 Deus.
1225 4062 1246 4099 ti.
1267 4063 1296 4102 ll:
1319 4063 1397 4103 Scren·

411 4109 464 4151 dum
479 4123 547 4152 enim.
603 4124 634 4160 ιι.
652 4111 769 4152 ιιιίιιιιι.
832 4113 1035 4163 15.A:etutulti.
1093 4112 1397 4156 io.Aiunmr⁷.:Sacer-

410 4166 466 4207 dou
482 4162 545 4215 quod
563 4164 627 4204 ιιιιιιιι
640 4167 694 4204 sunt
706 4164 837 4206 sacerdotes
855 4169 877 4205 ct
892 4164 965 4217 pauci
977 4169 1030 4206 ,ιιιιιι
1043 4161 1174 4207 sacerdotes
1192 4170 1234 4206 etc.
1259 4127 1310 4207 Son
1325 4166 1399 4207 omnis

411 4216 521 4255 sacerdos
534 4221 628 4255 sanctus
647 4219 680 4256 est
693 4215 735 4256 sed
749 4218 822 4256 onmis
844 4222 937 4257 sanctus
955 4218 1066 4258 sacerdos
1080 4222 1121 4258 etc.
1198 4230 1227 4258 ιι,
1245 4217 1271 4258 h:
1288 4223 1329 4259 est.
1345 4220 1396 4269 (titi.

412 4266 442 4306 ib.
459 4268 492 4308 A:
508 4265 598 4320 litqui.
670 4267 757 4307 2228.
773 4270 806 4309 Λι
828 4269 925 4309 virendo
943 4269 1225 4311 -deluatvivcrcdcesl.
1292 4267 1400 4311 ιΜξιι

412 4318 473 4359 male
487 4320 583 4360 uiuendo
598 4320 668 4359 deest.
684 4302 762 4377 ltcctc:
772 4319 832 4361 male
845 4323 940 4362 virendo
957 4321 1028 4362 ltcmu
1043 4322 1140 4363 instruis
1153 4321 1268 4374 quomodo
1282 4327 1304 4362 te
1318 4323 1400 4363 dehent

412 4372 590 4424 condempnare.
651 4370 684 4412 30.
701 4374 723 4413 Α
738 4383 760 4412 ιιι
777 4384 862 4423 mare:
877 4371 946 4415 Nota.
1014 4370 1049 4424 34.
1066 4373 1095 4414 B:
1111 4373 1218 4415 audistis.
