3098 5130
612 498 702 547 orus
721 497 973 547 avauomtcuu
995 497 1058 546 ma.
1077 497 1117 546 111.
1187 477 1270 561 [cap.
1287 491 1358 536 xtv.

375 657 405 714 in
438 656 536 714 hostia
569 671 754 716 consecrata.
787 660 824 714 Et
857 657 899 715 sic
928 676 988 714 non
1018 670 1061 713 est
1090 656 1244 714 evidencia
1274 659 1356 731 quod

375 744 577 801 dimensiones
600 763 631 802 se
656 758 823 819 penetrent,
848 762 916 801 cum
942 744 1007 818 ipsa
1031 743 1129 800 hostia
1153 744 1191 800 sit
1208 746 1269 800 duo
1293 763 1359 801 cor·

373 849 462 904 pora3
491 851 585 888 unum
609 832 788 890 naturaliter
811 833 892 906 quod
919 844 961 888 est
984 831 1040 888 iste
1064 830 1151 906 panis
1175 831 1303 888 situatus
1328 830 1359 887 in

373 930 454 974 terra
482 931 511 975 et
538 918 621 975 aliud
649 917 910 977 sacramentaliter
933 920 1015 993 quod
1044 931 1088 974 est
1112 936 1222 992 corpus
1246 917 1358 975 Christi

373 1005 505 1062 locatum
538 1005 570 1062 in
601 1008 722 1064 dextera
752 1006 807 1064 Dei
836 1004 944 1080 patris;
981 1019 1009 1063 et
1033 1024 1093 1063 non
1117 1004 1287 1064 extenditur
1310 1004 1385 1063 hic5

373 1090 405 1148 in
428 1093 526 1150 hostia
550 1107 735 1151 consecrata.
765 1097 801 1149 Et
824 1092 866 1149 sic
889 1092 1026 1167 intelligo
1050 1092 1251 1166 Augustinum
1277 1095 1359 1167 quod
1445 1093 1448 1100 ”

373 1197 492 1236 sursum
526 1193 569 1237 est
603 1181 751 1238 Dominus
783 1198 878 1255 usque
915 1181 953 1236 ad
986 1179 1066 1236 diem
1101 1179 1203 1236 iudicii
1235 1193 1264 1236 et
1298 1199 1359 1236 non

374 1267 529 1323 descendit
552 1285 568 1324 e
591 1269 656 1325 celo
679 1286 774 1343 usque
799 1269 836 1324 ad
854 1269 1058 1343 quodcunque
1074 1268 1170 1324 altare
1186 1268 1358 1337 sublunare,

374 1353 424 1410 ubi
463 1369 686 1412 sacramentum
726 1354 806 1411 istud
846 1353 1013 1414 conficitur.
1056 1357 1092 1410 Et
1131 1367 1214 1428 patet
1253 1353 1359 1411 scienti

375 1458 531 1498 camerare
562 1443 617 1499 hec
649 1443 741 1498 verba
773 1440 861 1498 huius
889 1441 1041 1498 sentencie
1072 1443 1227 1516 quomodo
1255 1455 1299 1498 est
1328 1442 1359 1498 in
1375 1465 1403 1497 vo

375 1526 431 1583 ista
456 1528 581 1585 materia
606 1530 862 1604 respondendum.

193 1605 328 1660 Obi⁰⁶¹¹⁰¹¹²
419 1616 477 1670 Sed
511 1616 605 1673 tercio
637 1616 802 1691 replicatur
830 1635 883 1690 per
911 1616 968 1672 hoc
997 1618 1077 1690 quod
1108 1634 1217 1689 corpus
1247 1615 1359 1673 Christi

166 1658 270 1754 hilii?
284 1658 360 1754 iiiie
376 1713 421 1758 est
444 1700 475 1757 in
499 1703 597 1760 hostia
621 1717 797 1760 consecrata
821 1716 850 1759 et
872 1722 934 1759 non
959 1716 1003 1759 est
1026 1722 1087 1759 non
1112 1721 1222 1777 corpus
1245 1701 1276 1758 iu
1294 1702 1359 1776 ipsa

156 1763 365 1859 ,Γῗξῐῃζῗάζι-ὶᾎὲξ
377 1787 485 1860 hostia,
510 1808 581 1863 ergo
605 1803 649 1847 est
673 1809 782 1865 corpus
805 1789 837 1846 in
853 1789 918 1864 ipsa
935 1789 1034 1846 hostia
1056 1803 1084 1846 et
1101 1808 1153 1864 per
1170 1807 1359 1864 consequens

166 1869 249 1963 Πῑξξξέ
262 1868 352 1975 itss’ss'd'h
376 1890 419 1931 est
435 1876 570 1950 longum,
586 1878 681 1933 latum
700 1891 729 1934 et
745 1877 929 1952 profundum
946 1877 976 1933 in
998 1876 1063 1950 ipsa
1083 1876 1191 1933 hostia.
1216 1876 1360 1951 Sequitur
1374 1885 1401 1934 15

196 1973 328 2015 elsewhere.
375 1963 469 2019 enim:
499 1964 616 2037 Corpus
645 1963 757 2021 Christi
789 1977 918 2020 estnon
952 1982 1061 2037 corpus
1086 1964 1117 2020 in
1149 1965 1214 2038 ipsa
1249 1964 1357 2033 hostia,

373 2067 444 2122 ergo
468 2067 595 2108 estnon
619 2069 729 2126 corpus
751 2050 872 2121 alicubi,
896 2065 925 2108 et
948 2068 1002 2125 per
1026 2068 1213 2126 consequens
1237 2063 1358 2107 estnon

373 2154 499 2211 corpus3
539 2151 567 2195 et
605 2138 678 2196 talia
715 2151 785 2195 sunt
824 2139 917 2196 multa
959 2152 1138 2212 argumenta
1176 2137 1358 2212 replicancia

373 2224 607 2282 contradictorie
630 2225 661 2282 in
685 2226 842 2300 complexa
866 2227 903 2282 de
926 2243 1053 2300 corpore
1075 2224 1186 2283 Christi
1207 2225 1237 2281 in
1260 2225 1358 2282 hostia

373 2326 558 2369 consecrata.
584 2316 651 2369 Non
675 2312 754 2369 enim
780 2326 879 2386 potest
903 2313 1008 2386 negari
1025 2312 1098 2387 quin
1120 2331 1229 2387 corpus
1247 2312 1402 2369 christino

372 2397 410 2454 sit
434 2397 547 2473 aliquid
571 2399 612 2456 ibi
637 2414 666 2457 et
689 2418 742 2475 per
759 2418 945 2475 consequens
969 2399 1202 2475 aliquantulum,
1227 2398 1358 2474 aliquale

373 2498 402 2542 et
434 2484 656 2557 alicuiusmodi‚
694 2487 865 2544 cuiusmodi
900 2506 958 2563 que
995 2500 1039 2544 est
1073 2487 1104 2543 in
1136 2488 1210 2546 celo.
1249 2489 1285 2542 Et
1318 2485 1358 2542 ita

372 2571 489 2630 videtur
518 2576 746 2632 concedendum
777 2576 859 2648 quod
886 2593 996 2649 corpus
1020 2573 1132 2631 Christi
1160 2587 1229 2645 stat,
1263 2575 1357 2645 sedet,

374 2674 512 2717 movetur
534 2661 626 2732 varie,
652 2661 903 2736 qualitercunque
927 2660 998 2717 alibi
1022 2679 1053 2717 se
1077 2661 1215 2718 habuerit
1239 2660 1270 2717 in
1293 2660 1357 2734 ipsa

204 2741 316 2782 Answer:
372 2747 471 2804 hostia
495 2761 681 2805 consecrata.
707 2751 743 2804 Et
768 2749 825 2804 isto
850 2749 941 2804 modo
966 2747 1039 2804 dicit
1059 2747 1183 2822 logicus,
1208 2766 1277 2803 cum
1294 2755 1401 2804 tota25

168 2790 268 2834 Christ's
283 2791 344 2848 body

168 2844 191 2886 in
206 2844 244 2885 the
259 2843 353 2885 various
375 2833 412 2890 sit
429 2853 481 2891 sue
498 2848 609 2908 partes,
633 2848 666 2891 ut
690 2834 762 2892 dicit
779 2837 936 2908 Averroys‚
961 2836 1041 2909 quod
1059 2853 1168 2909 corpus
1185 2834 1296 2891 Christi
1320 2834 1359 2891 sit

159 2896 360 2991 ¹¹⁰J¹1³hfflffdb⁶
376 2919 457 2977 mille
481 2940 610 2997 corpora
634 2921 665 2978 in
689 2921 787 2979 hostia
812 2935 997 2991 consecrata,
1029 2921 1100 2995 quia
1128 2939 1234 2977 omnes
1258 2935 1357 2994 partes

168 3000 350 3095 b⁰ii⁰e⁵inwti¹ei⁰h
374 3007 573 3083 quantitative
607 3008 686 3065 illius
719 3008 817 3066 hostie
841 3022 869 3065 et
902 3008 1019 3082 singula
1059 3009 1235 3065 earundem.
1274 3008 1357 3064 Sicut

163 3105 348 3161 sacramentam,
375 3094 454 3151 enim
476 3095 556 3152 idem
578 3114 689 3170 corpus
706 3095 818 3153 Christi
842 3095 871 3151 in
895 3114 1023 3152 numero
1048 3109 1092 3153 est
1113 3094 1245 3170 quelibet
1270 3095 1357 3169 plena

163 3157 350 3265 dimiffiisssssspp
375 3180 471 3239 hostia
500 3181 530 3239 in
559 3183 692 3257 qualibet
720 3183 846 3240 ecclesia
877 3181 909 3239 in
936 3201 996 3258 qua
1025 3182 1103 3240 foret
1132 3181 1229 3239 hostia
1253 3192 1402 3240 conse-30

374 3281 467 3340 crata,
500 3269 543 3326 sic
577 3283 623 3327 est
655 3270 787 3346 quelibet
819 3268 966 3344 particula
998 3269 1079 3326 illius
1112 3268 1209 3326 hostie
1238 3268 1269 3324 in
1298 3288 1357 3344 qua

372 3355 491 3430 panitas
523 3358 708 3414 observatur.
741 3361 803 3414 Nec
831 3375 864 3414 ex
893 3358 950 3414 hoc
979 3356 1115 3431 sequitur
1139 3355 1358 3431 multiplicacio

372 3442 506 3517 corporis
534 3443 645 3501 Christi
678 3445 724 3501 vel
755 3444 878 3519 aliquod
911 3432 1125 3503 inconveniens
1157 3443 1356 3512 inferendum,

372 3529 443 3604 quia
472 3549 533 3587 non
562 3546 605 3588 est
633 3530 848 3599 inconveniens
876 3533 927 3589 sed
957 3550 1124 3589 consonum
1149 3533 1231 3606 quod
1262 3532 1356 3588 multa

373 3636 501 3692 corpora
535 3632 564 3676 et
595 3618 746 3693 singulum
779 3637 884 3676 eorum
917 3618 955 3675 sit
988 3617 1154 3694 figuraliter
1182 3620 1227 3675 vel
1257 3626 1401 3676 sacra-35
1476 3669 1478 3673 Α

374 3704 544 3762 mentaliter
559 3705 639 3764 idem
657 3725 777 3780 corpus,
802 3725 870 3763 cum
888 3706 984 3780 ligure
1007 3719 1132 3781 possunt
1149 3705 1355 3781 multiplicari,

372 3791 441 3849 licet
465 3791 628 3866 figuratum
651 3812 713 3850 nou
738 3792 956 3867 multiplicetur
980 3792 1011 3850 in
1033 3807 1142 3850 natura
1165 3811 1228 3850 sua.
1254 3796 1290 3849 Et
1314 3792 1356 3849 sic

373 3879 509 3936 Christus
547 3894 670 3955 negaret
709 3882 787 3937 hanc
826 3879 1092 3955 consequenciam:
1139 3881 1274 3954 Baptista
1313 3893 1356 3937 est

374 3966 475 4024 Helias
499 3980 528 4023 et
552 3969 686 4024 Herodes
709 3967 890 4043 decapitavit
916 3963 920 4047 Ι
945 3967 1044 4042 ipsum
1069 3966 1252 4042 Baptistam:
1287 3985 1357 4041 ergo
1389 3972 1451 4028 42¹e

372 4052 437 4127 ipse
461 4056 597 4112 Herodes
622 4054 803 4129 decapitavit
827 4055 935 4130 ipsum
952 4054 1085 4112 Heliam:
1110 4055 1152 4111 sic
1176 4054 1207 4111 in
1231 4053 1357 4111 assimili
1368 4068 1401 4115 40

424 4345 528 4388 tanin
546 4356 632 4396 mara:
653 4356 679 4398 3.
760 4357 791 4393 ¹4·
812 4345 846 4387 A:
867 4344 1124 4402 ergo-hortiadeest.
1196 4356 1226 4387 αι.
1260 4343 1289 4386 B:
1312 4345 1357 4388 ali-

372 4401 488 4451 quantum.
554 4408 587 4440 22.
601 4399 635 4440 A:
650 4397 733 4440 alicnis
747 4397 910 4451 cuiuscunque.
973 4395 1005 4440 23.
1020 4397 1055 4440 A:
1069 4396 1179 4439 eludet.
1243 4395 1277 4439 33.
1292 4399 1314 4441 A
1333 4398 1356 4439 in

373 4461 459 4503 marga
475 4449 511 4492 De
523 4450 598 4492 hosne
612 4456 747 4493 contet-rata
760 4461 802 4504 per
814 4454 895 4492 totum.
961 4446 997 4491 36.
1012 4448 1046 4491 Ae
1058 4452 1161 4515 possent.
