3098 5130
575 482 665 530 orus
684 478 936 530 nvsuortrcuu
957 476 1022 527 tte.
1040 475 1083 527 ιιι.
1145 456 1229 541 [cur.
1243 466 1332 514 xuv.

340 655 451 715 partes.
476 639 681 699 concedimus
703 652 806 697 tamen
830 639 869 695 ad
893 655 1015 694 sensum
1041 633 1226 693 catholicum
1244 632 1333 708 quod

340 727 391 785 ille
423 727 511 802 panis
543 741 588 785 est
623 745 733 802 corpus
765 724 878 783 Christi
910 737 940 783 et
972 735 1209 790 sacramentum,
1244 719 1332 777 aliud

341 815 405 871 eius
437 814 569 889 sanguis.
604 816 691 872 Unde
719 812 795 870 sicut
826 811 964 871 Christus
991 824 1036 868 est
1067 809 1158 867 simul
1186 810 1268 865 Deus
1300 820 1333 863 et

340 903 442 972 homo,
467 902 509 958 sic
534 903 589 959 hec
613 900 712 958 hostia
737 915 780 958 est
804 900 894 957 simul
917 917 1027 973 eorpus
1051 895 1163 954 Christi
1187 908 1216 952 et
1239 911 1332 951 verus

341 989 438 1063 panis,
467 989 538 1063 quia
568 1002 612 1046 est
640 1007 752 1062 corpus
775 986 898 1044 Domini
923 988 961 1043 ad
987 983 1149 1042 minimum
1175 981 1205 1039 ln
1230 981 1358 1055 figura5

342 1091 370 1133 et
394 1095 482 1133 verus
506 1076 593 1150 panis
616 1075 647 1132 in
671 1088 780 1133 natura
803 1076 849 1132 vel
876 1074 971 1148 (quod
995 1072 1026 1128 in
1051 1070 1131 1128 idem
1156 1074 1257 1137 sonat)
1282 1081 1330 1124 est

341 1182 429 1220 verus
452 1162 540 1238 panis
563 1162 745 1220 naturaliter
768 1175 797 1219 et
821 1179 932 1236 eorpus
956 1157 1068 1218 Christi
1093 1156 1271 1232 figuraliter.

703 1383 808 1447 CAP.
832 1381 964 1447 XLIV.

127 1541 332 1587 1'attaciesot0ur
389 1531 491 1585 Restat
523 1526 649 1585 ulterius
681 1545 737 1601 pro
772 1525 982 1584 declaracione
1015 1524 1103 1581 huius
1132 1522 1202 1582 fidei
1232 1537 1333 1582 trans-

158 1602 297 1650 ⁰⁹l⁰'¹‘'¹¹³''
345 1633 467 1672 currere
495 1633 549 1690 per
578 1614 716 1688 argutias
744 1632 798 1688 per
822 1612 1010 1671 adversarios
1034 1611 1105 1669 fidei
1129 1624 1159 1668 et
1181 1610 1333 1686 scripture
1348 1639 1377 1671 ιο

345 1702 396 1777 qui
430 1715 500 1758 sunt
528 1701 705 1759 Antichristi
739 1700 879 1776 discipuli
910 1699 1081 1775 replicatas.
1118 1698 1221 1756 Primo
1249 1698 1331 1755 enim

346 1788 482 1863 arguitur
519 1788 685 1862 sillogismo
723 1787 909 1863 expositorio
947 1787 1000 1863 qui
1038 1800 1082 1844 est
1121 1784 1254 1843 medium
1294 1787 1332 1842 ad

346 1876 511 1951 quemlibet
557 1877 649 1932 alium
686 1874 909 1950 syllogismum:
948 1877 1006 1932 Iste
1039 1873 1128 1950 panis
1160 1872 1333 1931 comeditur

346 1978 407 2020 tam
434 1983 451 2019 a
475 1963 569 2020 bestia
593 1982 685 2038 quam
710 1982 728 2019 a
753 1981 849 2035 mure,
878 1961 1035 2037 putrescit,
1068 1959 1197 2018 sentitur
1226 1979 1332 2036 eorpo-

347 2049 451 2106 raliter
479 2063 508 2106 et
537 2063 692 2107 tractatur.
728 2053 764 2106 Et
792 2048 849 2107 iste
878 2049 964 2123 panis
993 2064 1036 2106 est
1066 2067 1175 2123 corpus
1199 2046 1374 2116 DomIni‚15

348 2156 419 2212 ergo
436 2155 544 2212 corpus
561 2136 683 2194 Domini
699 2136 867 2194 formaliter
884 2135 927 2194 sic
943 2149 1105 2208 tractatum
1122 2148 1151 2192 et
1167 2148 1336 2211 sequuntur

348 2223 599 2281 inconveniencia
623 2223 752 2281 infinita.

392 2313 451 2368 Sed
481 2311 529 2368 hie
558 2311 663 2368 dicunt
691 2311 795 2368 fideles
822 2313 860 2367 ad
885 2310 1052 2385 quemlibet
1075 2310 1168 2369 talem
1192 2321 1334 2367 vocatum

349 2397 551 2472 sillogismum
585 2397 800 2473 expositorium
834 2399 917 2472 quod
949 2411 994 2455 est
1024 2397 1192 2456 diabolicus
1215 2397 1335 2472 paralo-

349 2485 472 2560 gismus.
495 2485 544 2543 Sic
561 2485 640 2542 enim
666 2498 797 2560 arguunt
822 2483 946 2542 heretici
970 2487 1033 2555 (sed
1058 2484 1089 2541 in
1106 2488 1229 2556 vanum)
1254 2484 1334 2559 quod
1346 2510 1376 2544 20

351 2587 436 2648 pater
468 2585 512 2629 est
545 2571 625 2629 lilius
657 2586 686 2628 et
718 2574 800 2647 quod
833 2585 877 2628 est
909 2590 1028 2628 summa
1064 2570 1202 2630 confusio
1234 2588 1335 2646 perso-

350 2679 469 2730 narum,
509 2658 580 2734 quia
618 2658 676 2717 ista
710 2674 818 2717 natura
852 2658 954 2716 divina
987 2672 1031 2716 est
1069 2672 1156 2734 pater
1193 2671 1237 2716 est
1280 2658 1336 2714 ista

352 2750 458 2804 eadem
483 2760 527 2803 est
552 2745 643 2819 filius,
675 2764 747 2821 ergo
771 2760 858 2821 pater
887 2758 931 2803 est
960 2745 1054 2818 lilius3
1086 2747 1138 2804 sed
1163 2745 1267 2803 fideles
1290 2743 1337 2800 hic

351 2834 455 2891 dicunt
478 2834 560 2909 quotl
585 2833 633 2890 hic
657 2851 719 2890 non
744 2847 788 2891 est
819 2833 1011 2908 syllogismus
1035 2831 1245 2907 expositorius,
1269 2849 1336 2888 cum

353 2921 486 2978 medium
503 2920 541 2977 sit
559 2939 722 2978 commune
743 2923 781 2978 ad
805 2935 967 2996 utramque
990 2919 1212 2978 extremitatem
1237 2918 1378 2979 aliam.25

354 3010 423 3066 ltleo
440 3010 564 3084 quando
581 3007 715 3064 medium
741 3021 785 3065 est
809 3009 974 3065 multorum
999 3007 1165 3082 singulum,
1189 3006 1270 3064 idem
1295 3018 1339 3062 est

354 3115 388 3152 ac
413 3095 437 3152 si
461 3095 571 3152 stolida
595 3095 710 3152 femina
734 3094 777 3152 sic
800 3108 953 3169 argueret:
979 3097 1091 3152 Porcus
1115 3108 1185 3152 tuus
1206 3092 1340 3151 comedit

355 3184 437 3240 fabas
466 3196 494 3239 et
519 3201 627 3256 porcus
658 3201 741 3239 meus
766 3182 898 3240 comedit
922 3183 1017 3254 fabas,
1042 3200 1114 3256 ergo
1137 3200 1248 3256 porcus
1271 3194 1341 3237 tuus

354 3283 399 3327 est
423 3288 532 3345 porcus
557 3288 653 3342 meus,
678 3270 730 3326 sed
753 3269 843 3344 logici
867 3270 913 3326 vel
936 3267 1135 3343 perfunctorii
1158 3268 1341 3326 verecunda·

356 3370 459 3414 rentur
483 3357 521 3413 de
545 3356 601 3413 ista
626 3356 764 3431 argucia3
790 3370 819 3413 et
843 3358 949 3414 eodem
975 3359 1067 3413 modo
1085 3355 1188 3413 fideles
1204 3354 1386 3418 derident30

355 3446 444 3501 istam
477 3443 644 3518 arguciam,
683 3446 806 3519 quando
842 3442 962 3517 capitur
1000 3442 1136 3501 medium
1177 3442 1341 3500 multorum

355 3532 519 3606 singulum,
553 3532 610 3588 hoc
639 3544 683 3588 est
711 3545 797 3605 pater
825 3545 853 3589 et
877 3532 935 3588 hoc
963 3544 1007 3588 est
1036 3530 1126 3609 filius,
1161 3548 1234 3605 ergo
1258 3542 1344 3604 pater

356 3633 400 3677 est
424 3618 511 3679 filius.
1131 3670 1137 3679 ,

400 3707 573 3764 Secundum
604 3719 705 3762 autem
737 3705 907 3779 exemplum
931 3703 1138 3779 pertinencias
1160 3702 1210 3760 isti
1233 3722 1345 3780 propo·

357 3794 415 3852 sito
443 3794 486 3850 sic
516 3793 678 3850 formatur:
713 3794 771 3849 lsta
800 3809 930 3866 persona
954 3805 998 3849 est
1021 3793 1145 3849 verbum
1171 3789 1225 3848 Dei
1250 3804 1279 3847 et
1302 3790 1388 3853 sic35

358 3882 455 3938 deitas
484 3880 722 3937 demonstrando
751 3897 913 3953 personam
938 3882 1114 3950 secundam,
1145 3891 1175 3936 et
1199 3877 1256 3935 ista
1279 3895 1347 3953 per-

359 3988 434 4025 sona
471 3982 514 4024 est
550 3966 733 4037 humanitas,
773 3986 843 4040 ergo
881 3965 1055 4023 humanitas
1087 3979 1131 4023 est
1164 3963 1270 4024 deitas.
1310 3966 1347 4021 Et

360 4058 467 4113 eodem
508 4055 600 4112 modo
639 4053 755 4111 tollitur
792 4054 849 4110 ista
888 4053 1018 4111 infidelis
1063 4052 1220 4111 conclusio
1265 4053 1347 4127 quod

414 4327 436 4368 ὑ.
451 4328 486 4369 A:
500 4327 525 4368 itt
541 4326 618 4368 belote
632 4325 693 4368 idem
708 4324 780 4367 deest.
871 4324 891 4367 8.
907 4325 940 4366 A:
956 4322 1014 4379 Cap.
1030 4322 1116 4373 XLIII:
1133 4324 1188 4368 uin
1204 4336 1290 4381 marga
1305 4336 1349 4379 44.

359 4394 382 4421 o.
405 4382 425 4421 A
447 4379 469 4421 ln
486 4390 571 4432 marp:
586 4377 713 4420 Iohannes
796 4389 820 4419 ιι.
840 4378 863 4420 A
884 4377 907 4419 in
923 4388 1009 4430 marga
1025 4387 1043 4418 t.
1125 4377 1156 4420 18.
1175 4379 1197 4421 A
1216 4378 1240 4422 ln
1259 4389 1349 4432 marga

358 4430 501 4481 Responsio.-
513 4431 545 4473 ib.
560 4432 593 4472 A:
608 4430 672 4480 quod
684 4429 813 4480 quemlihet.
880 4426 910 4472 31.
926 4430 960 4471 A:
976 4427 1073 4471 meditent
1088 4430 1163 4473 twice.
