3030 5130
579 493 668 541 oens
688 492 939 542 izvnnctnmcn
962 491 1026 540 rin.
1045 490 1085 538 m.
1133 470 1216 552 tem.
1233 480 1328 528 mvn.

342 651 476 707 dominus
492 654 644 726 operarios
659 653 825 728 iniquitatis,
841 664 868 709 et
884 653 950 708 licet
967 652 1096 729 virgines
1112 652 1170 707 sint
1185 663 1213 707 et
1227 670 1327 708 secun-

340 741 408 794 dum
432 740 577 814 duplicem
610 740 835 817 intelligenciam
868 742 904 795 de
933 740 1068 814 corporis
1087 739 1220 814 puritate
1243 750 1271 795 et
1294 740 1329 795 de

340 827 520 901 consessione
544 845 611 883 uere
637 828 806 903 glorientur
824 826 910 904 fidei,
944 837 1039 883 tamen
1063 826 1129 901 quia
1153 827 1249 883 oleum
1274 844 1328 882 non

340 914 445 969 habent
477 914 606 981 sciencie,
644 914 755 988 sufficit
789 915 829 969 eis
855 933 913 988 pro
942 932 1018 990 pena
1041 914 1119 989 quod
1150 914 1329 991 ignoramur

339 1019 356 1055 a
379 1019 494 1076 sponso.
1340 1016 1351 1050 ο

390 1088 515 1165 Vigilate
537 1088 632 1163 itaque
655 1088 720 1162 quia
745 1088 860 1144 nescitis
884 1088 959 1143 diem
984 1105 1074 1163 neque
1096 1088 1213 1144 horam.
1253 1088 1326 1142 Pru-

340 1177 452 1231 dentem
476 1194 592 1252 semper
617 1177 758 1232 admoneo
782 1175 930 1244 lectorem‚
955 1186 984 1229 ut
1008 1193 1064 1230 mm
1086 1193 1204 1251 seniper
1227 1193 1327 1251 super-

339 1262 463 1318 sticiosis
495 1262 786 1337 interpretacionibus
818 1262 980 1336 acquiescat
1009 1274 1035 1317 et
1067 1279 1122 1337 que
1158 1262 1329 1318 commatice

337 1368 394 1424 pro
409 1349 591 1427 fingencium
616 1349 757 1406 dicuntur
779 1349 913 1417 arbitrio,
948 1351 1001 1405 sed
1023 1349 1188 1406 consideret
1212 1350 1327 1426 priora.

341 1437 436 1492 media
459 1447 485 1492 et
509 1437 659 1512 sequencia
675 1448 702 1492 et
719 1448 814 1492 nectat
828 1437 884 1492 sibi
898 1437 1033 1493 uniuersa
1050 1454 1104 1512 que
1119 1438 1230 1513 scripta
1253 1449 1326 1492 sunt.
1341 1451 1366 1483 10

384 1524 436 1580 Ex
458 1525 512 1579 lroc
535 1541 609 1601 ergo
636 1525 715 1598 quod
737 1524 843 1599 insert:
878 1524 1004 1601 Vigilate
1025 1524 1092 1600 quia
1115 1524 1232 1581 nescitis
1255 1525 1327 1581 diem

342 1628 431 1686 neque
454 1612 570 1682 horam,
593 1611 797 1688 intelliguntur
820 1610 957 1667 uniuersa
980 1629 1034 1686 que
1056 1611 1142 1679 dixit,
1167 1613 1200 1666 id
1219 1622 1272 1682 est,
1296 1613 1329 1667 de

342 1698 453 1754 duobus
476 1698 525 1772 qui
546 1699 575 1754 in
607 1716 684 1775 agro
706 1709 773 1753 sum
796 1709 823 1754 et
847 1699 882 1754 de
906 1699 1017 1754 duabus
1046 1698 1221 1755 molentibus
1242 1711 1272 1754 et
1295 1699 1329 1754 de

340 1785 558 1860 patrefamilias
586 1786 635 1860 qui
665 1803 751 1841 seruo
777 1803 830 1841 suo
862 1785 986 1841 credidit
1013 1787 1210 1842 substanciam
1239 1798 1266 1841 et
1295 1787 1329 1842 de

342 1872 439 1928 decem
465 1873 637 1949 uirginibus,
659 1872 724 1928 ideo
743 1873 906 1948 parabolas
928 1891 989 1928 esse
1008 1873 1185 1949 promissas,
1209 1884 1239 1929 ut
1263 1873 1327 1949 quia
1341 1870 1363 1919 ¹3

342 1960 516 2039 ignoramus
548 1977 647 2016 omnes
670 1959 770 2015 iudicii
792 1961 878 2031 diem,
911 1960 1035 2015 sollicite
1058 1960 1138 2016 nobis
1161 1961 1257 2017 lumen
1281 1962 1328 2017 lto·

343 2065 447 2103 norum
471 2064 592 2122 operum
613 2065 818 2123 preparemus,
851 2066 885 2102 ne
914 2047 981 2101 dum
1017 2048 1202 2125 ignoramus,
1241 2048 1330 2103 iudex

343 2134 447 2190 veniat.
473 2135 536 2190 Hec
559 2136 749 2207 leronymus.

146 2232 314 2274 ‹nrmsonom
387 2220 594 2278 Crisostomus
626 2234 727 2278 autem
765 2239 855 2294 super
888 2220 945 2278 isto
978 2234 1058 2278 textu
1096 2220 1139 2277 sic
1178 2220 1328 2296 loquitur:

145 2278 278 2379 conilsssiisl
294 2335 314 2377 js
343 2308 443 2364 Nicltil
461 2309 586 2385 prodest
601 2326 640 2365 ex
655 2308 823 2365 necessitate
839 2309 961 2384 repetita
976 2308 1122 2382 consessio
1137 2309 1199 2365 eius
1220 2309 1271 2384 qui
1291 2321 1365 2365 exto

167 2388 288 2431 ‘'⁰¹¹'⁰¹⁰⁵⁵·
344 2396 491 2452 voluntate
514 2414 569 2452 non
592 2397 682 2452 semel
704 2397 854 2471 consessus
877 2407 927 2451 est.
969 2395 1045 2451 Nam
1071 2396 1239 2452 volumtaria
1263 2414 1327 2452 con-

346 2483 442 2557 sessio
465 2495 493 2539 et
527 2483 642 2539 modica
673 2482 784 2560 sufficit
807 2483 881 2553 Deo,
920 2500 959 2538 ex
986 2483 1154 2539 necessitate
1187 2501 1256 2539 uero
1279 2500 1329 2538 nec

344 2589 463 2648 magna.
491 2571 529 2626 At
553 2570 602 2627 ille
625 2571 803 2645 respondens
826 2570 882 2625 ait:
909 2570 1001 2626 Areten
1025 2570 1089 2625 dico
1113 2570 1204 2641 iobis,
1235 2571 1329 2627 nescio

345 2676 395 2713 vos
418 2657 467 2732 qui
493 2659 569 2714 estis.
611 2658 704 2735 Signa
735 2657 856 2732 spiritus
889 2658 947 2714 mei
974 2675 1029 2712 non
1063 2657 1146 2714 uideo
1178 2658 1206 2713 in
1240 2658 1327 2714 uobis.

344 2744 423 2800 Sicut
447 2745 521 2801 enim
552 2745 603 2821 qui
629 2745 810 2806 immundum
842 2745 976 2820 spiritum
1008 2744 1102 2816 habet,
1141 2745 1215 2802 bona
1239 2741 1365 2820 operat-³

348 2832 456 2906 secere
488 2850 543 2889 non
568 2843 674 2907 potest,
707 2832 748 2888 sic
770 2832 821 2908 qui
843 2832 985 2907 Spiritum
1019 2832 1157 2888 Sanctum
1193 2832 1328 2887 habetet

344 2937 435 2995 opera
459 2937 514 2974 non
530 2919 610 2994 sacit
633 2920 722 2975 ntala.
749 2919 909 2996 Imaginem
933 2937 1027 2975 meam
1051 2937 1107 2975 non
1130 2936 1277 2997 cognosco
1300 2920 1328 2974 in

344 3007 433 3062 votis.
459 3007 562 3083 Irnago
585 3018 680 3062 autem
705 3025 767 3063 mea
791 3017 833 3062 est
856 3008 972 3084 sugere
996 3007 1104 3061 malum
1128 3017 1155 3062 et
1179 3006 1261 3082 sequi
1282 3008 1329 3062 bo-

345 3111 428 3148 num:
452 3112 503 3149 uos
525 3105 620 3150 autem
652 3105 772 3151 econtra
789 3093 917 3171 fugistis
940 3093 1045 3150 bonum
1075 3106 1102 3150 et
1125 3094 1242 3169 operati
1263 3094 1329 3149 estis

344 3181 463 3235 malum.
497 3181 562 3237 Non
591 3181 714 3256 potestis
737 3198 868 3236 meorum
902 3181 1025 3236 militum
1047 3181 1162 3256 premia
1197 3180 1330 3256 accipere
1339 3178 1367 3227 3⁰

344 3268 394 3341 quei
415 3268 526 3322 tiranni
547 3268 658 3324 uexilla
678 3268 815 3343 portatis.
846 3267 911 3322 Non
932 3286 1052 3343 possum
1077 3285 1157 3324 meos
1180 3269 1279 3324 dicere
1302 3269 1328 3322 in

343 3355 445 3429 quibus
469 3355 541 3410 nihil
563 3373 657 3410 meum
681 3373 837 3431 cognosco.
862 3356 926 3412 Hec
950 3354 1168 3412 crisostomus.

138 3452 223 3512 ,nemi
235 3452 258 3495 in
274 3452 312 3511 1115·
389 3444 428 3497 Ex
463 3441 519 3498 hiis
553 3442 640 3499 dictis
674 3441 802 3498 istorum
841 3454 1017 3498 sanctorum
1057 3444 1219 3499 doctorum
1259 3455 1327 3498 sunt

137 3504 321 3609 'gl‘fffi‘ffll
347 3530 440 3586 multa
465 3531 601 3586 notanda
626 3529 766 3585 fidelibus
790 3528 881 3602 digna
907 3528 1063 3586 memoria.
1097 3529 1225 3585 Videtur
1249 3528 1327 3586 enim

168 3609 301 3704 ¹³h⁶a¹gffl¹¹
346 3617 596 3690 Chrysostomum
622 3615 783 3690 concipere
803 3618 885 3690 quod
910 3618 1002 3690 paulo
1026 3630 1095 3673 ante
1120 3616 1199 3673 diem
1226 3615 1328 3673 iudicii
1340 3614 1367 3664 35¹

346 3707 471 3760 credant
513 3703 649 3760 homines
692 3703 840 3760 intencius
874 3703 954 3760 illam
991 3703 1072 3760 diem
1117 3722 1208 3778 quam
1249 3721 1329 3759 nunc

346 3793 487 3861 eredunt;
523 3805 551 3847 et
575 3805 645 3847 tnnc
669 3805 863 3863 augmentata
899 3791 956 3847 side
981 3794 1017 3847 de
1042 3791 1099 3847 isto
1123 3791 1255 3847 articulo
1278 3789 1327 3847 alii

347 3892 560 3935 consectentur
583 3880 619 3936 ad
639 3877 815 3945 Dominum,
840 3893 965 3952 peccata
982 3877 1127 3953 preterita
1144 3878 1330 3935 dimittentes

399 4190 418 4234 3.
434 4191 467 4232 A:
482 4202 526 4233 non
542 4190 617 4232 oleum
632 4200 677 4231 non
759 4189 790 4232 ui.
806 4188 835 4231 lt:
851 4190 989 4242 ignoramus
1003 4193 1028 4231 nt
1040 4188 1151 4231 ltomlnes.
1223 4201 1255 4232 tu.
1272 4191 1292 4230 Λ
1309 4190 1330 4230 in

347 4254 433 4296 tttnrga
449 4242 613 4285 Crisostomns.
667 4254 697 4283 ιη.
714 4243 747 4283 A:
763 4253 804 4284 nec
819 4243 893 4283 semet.
948 4252 983 4292 24.
999 4243 1032 4282 A:
1049 4252 1094 4294 qtte
1107 4241 1169 4283 estis.
1225 4238 1257 4281 [tt.
1273 4243 1293 4283 Α
1309 4243 1331 4282 in

348 4308 433 4348 liturg:
448 4296 575 4338 ,loltnnues

404 4437 440 4488 ¹9·
460 4423 511 4486 Op.
530 4421 594 4484 Imp.
614 4420 631 4468 1.
651 4390 711 4485 pig.
730 4418 789 4486 963.
