3098 5130
163 466 231 511 coe.
252 454 303 537 xc]
426 472 470 521 DE
490 472 727 522 autscutusso
749 473 811 522 usu.
832 474 861 524 u.

162 632 272 708 querit3
287 632 402 706 inquam
413 651 466 689 nos
481 633 595 688 omnino
610 634 652 688 sic
667 634 771 707 querit,
788 652 840 689 nos
855 634 933 710 ipsos
949 635 1068 691 millius
1079 656 1148 712 per-

162 719 331 777 turbacione
348 719 497 776 videamus
513 731 543 775 ut
559 721 673 794 quando
687 722 851 790 turbamur,
872 741 927 777 nou
944 723 1149 798 desperatione

157 825 326 884 pereamus.
348 808 472 875 Quando
489 808 626 862 turbatur
642 808 691 881 qui
705 826 761 863 nem
782 809 954 864 turbaretur
970 811 1025 865 uisi
1040 812 1149 877 uolens,

161 912 227 951 eum
249 894 421 951 consolatur
442 895 493 969 qui
514 895 652 950 turbatur
675 905 701 950 et
724 896 832 951 nolens.

136 984 150 1035 5
206 981 331 1039 Pereunt
363 992 540 1059 argumenta
568 982 812 1057 pbilosophorum
845 983 894 1056 qui
916 995 1026 1058 negant
1049 984 1077 1038 iu
1100 1003 1148 1040 sa·
1185 994 1204 1053 1¹1
1220 993 1338 1037 isonis-c·

157 1069 285 1146 pientem
309 1069 416 1125 cadere
435 1069 677 1144 perturbacioues
704 1070 877 1126 animorum.
919 1070 1044 1125 Stultum
1073 1046 1366 1145 secitssffl'fffflssynffiff

161 1157 244 1213 Deus
265 1155 441 1232 sapienciam
465 1155 550 1211 huius
574 1157 675 1211 mundi
696 1168 724 1212 et
748 1157 881 1213 dominus
905 1157 984 1211 uouit
1012 1158 1149 1234 cogitaci-
1199 1162 1321 1246 ἳζῧυῇζὲῐ

161 1261 230 1300 ones
253 1243 400 1300 bominum
424 1243 557 1317 quoniam
573 1262 646 1299 uarie
660 1256 735 1302 sunt.
766 1245 911 1300 Turbetur
927 1245 1016 1318 piane
1035 1245 1150 1301 animus
1314 1235 1320 1246 ’

161 1330 348 1399 christianus,
372 1348 427 1385 nou
444 1330 561 1386 miseria
578 1331 629 1386 sed
645 1331 847 1388 misericordia
864 1332 964 1387 timeat
980 1351 1014 1387 ne
1027 1343 1150 1407 pereant

120 1417 290 1474 iobomines
316 1417 444 1484 Christo,
476 1419 664 1474 contristetur
687 1437 750 1474 cum
781 1420 858 1492 perit
881 1418 995 1493 aliquis,
1031 1419 1149 1475 Christo

160 1504 342 1581 concupiscat
365 1505 483 1578 adquiri
504 1505 643 1576 homines,
678 1506 796 1560 Christo
825 1505 930 1561 letetur
951 1525 1015 1561 cum
1047 1507 1148 1581 adqui-

161 1604 267 1648 runtur
297 1592 437 1662 homines,
478 1592 596 1647 Christo
639 1593 738 1648 timeat
770 1603 797 1647 et
828 1593 883 1647 sibi
919 1612 954 1648 ne
983 1604 1086 1667 pereat
1123 1605 1149 1649 et

164 1679 293 1746 Christo,
313 1679 502 1735 contristetur
519 1680 712 1755 peregrinari
725 1698 756 1734 se
771 1699 788 1734 a
811 1680 937 1747 Christo,
966 1681 1150 1755 concupiscat

161 1784 289 1844 regnare
311 1784 376 1822 cum
404 1766 532 1831 Christo,
564 1767 669 1822 Ietetur
692 1767 759 1821 dum
783 1779 883 1841 sperat
905 1786 936 1822 se
955 1777 1149 1844 regnaturum

120 1853 222 1910 ¹5esse
244 1872 309 1909 cum
338 1854 465 1908 Christo,
490 1855 548 1909 Iste
570 1864 636 1908 sunt
660 1866 739 1909 certe
762 1866 887 1927 quatuor
908 1872 980 1928 quas
991 1856 1148 1930 perturba-

161 1941 257 1997 ciones
281 1952 399 1997 uocant:
423 1941 512 1995 timor
535 1952 561 1996 et
575 1941 708 2009 tristicia,
733 1960 819 1995 amor
835 1953 861 1995 et
884 1941 988 1996 leticia.
1016 1941 1149 1997 Habeant

161 2047 210 2086 eas
233 2028 317 2085 iustis
340 2029 376 2084 de
399 2027 493 2084 causis
526 2028 616 2082 animi
638 2029 799 2093 christiani,
824 2046 874 2084 nec
903 2028 1148 2103 philosophorum

160 2116 318 2172 stoicorum
345 2115 390 2171 vet
406 2133 641 2189 quorumcunque
663 2115 800 2170 similium
821 2116 1023 2170 consenciatur
1040 2116 1148 2181 errori,

160 2202 210 2278 qui
235 2203 372 2279 projecto
410 2203 653 2276 quemadmodum
688 2203 842 2256 uastitatem
881 2202 1049 2258 existimant
1076 2203 1148 2258 ueri·

119 2303 153 2336 20
162 2300 257 2358 tatem,
288 2289 330 2345 sic
363 2300 511 2364 stuporem
545 2289 684 2363 deputant
707 2290 860 2345 sanitatem
868 2309 877 2355 ;
909 2289 1080 2367 ignorantes
1108 2290 1150 2346 sic

161 2376 288 2432 animum
322 2375 446 2431 hominis
478 2376 720 2449 quemadmodum
753 2376 888 2451 corporis
915 2377 1075 2431 membrum
1102 2377 1149 2432 de-

161 2463 312 2540 speracius
345 2473 495 2539 egrotare,
534 2464 648 2536 quaudo
681 2475 708 2518 et
732 2464 844 2519 doloris
871 2463 1002 2519 amiserit
1024 2482 1150 2521 sensmn.

205 2551 264 2605 Sed
296 2550 363 2605 dicit
397 2549 517 2624 aliquis:
552 2551 701 2624 Numquid
735 2551 849 2605 animus
881 2550 1036 2606 christiani
1068 2551 1149 2605 debet

161 2638 250 2693 eciam
275 2647 371 2692 morte
386 2636 566 2711 impendente
590 2637 728 2692 turbari?
755 2637 809 2692 Ubi
831 2638 1149 2712 esteuimquod.·1p0·

120 2725 253 2781 25stalus
275 2723 316 2779 ait
339 2723 600 2798 concupiscentiam
624 2742 655 2779 se
678 2725 785 2779 babere
809 2724 929 2779 dissolui
951 2735 977 2779 et
1000 2743 1061 2780 esse
1085 2742 1149 2779 cum

67 2811 134 2877 436⁶
164 2812 293 2880 Christo,
327 2811 354 2866 si
385 2810 460 2865 iilud
479 2805 484 2890 i
504 2811 581 2885 quod
605 2811 777 2886 concupiscit
801 2822 898 2886 potest
931 2830 994 2866 eum
1028 2812 1149 2867 turbare

161 2917 224 2955 cum
250 2898 383 2953 uenerit?
410 2898 510 2953 Facile
541 2909 583 2952 est
607 2898 720 2971 quidem
741 2898 803 2953 istis
827 2899 866 2952 ad
889 2900 940 2954 bec
973 2899 1150 2972 respondere

161 2986 209 3060 qui
231 2995 259 3040 et
275 2985 368 3060 ipsam
386 2985 509 3041 leticiam
524 2985 778 3059 perturbationem
797 2996 909 3040 nunaut.
939 2986 1017 3053 Quid
1032 2986 1059 3040 si
1074 2985 1147 3040 euim

158 3083 318 3149 propterea
335 3083 430 3127 morte
450 3072 614 3127 imminente
630 3073 775 3139 turbatur,
793 3072 858 3146 quia
878 3083 971 3127 morte
987 3073 1150 3127 inuniuente

119 3162 152 3213 30
162 3159 278 3215 letatur.
296 3159 355 3214 Sed
370 3160 423 3214 boc
439 3159 597 3232 (inquiunt)
613 3159 766 3235 gaudium,
784 3178 839 3213 mm
857 3159 950 3214 leticia
974 3160 1147 3214 nominanda

161 3257 214 3303 est.
242 3245 321 3314 Quid
344 3256 387 3301 est
403 3245 456 3301 boc
474 3246 529 3300 nisi
543 3247 658 3302 easdem
684 3265 731 3301 res
747 3246 854 3301 sentire
872 3257 899 3300 et
916 3264 1014 3301 rerum
1033 3247 1148 3302 riorrzina

162 3334 236 3390 velie
269 3343 393 3388 mutare.
424 3333 527 3388 Verum
564 3351 615 3388 rios
646 3333 741 3388 sacris
765 3333 869 3388 litteris
896 3335 1149 3389 acconnnodemus

162 3420 292 3476 auditum
310 3431 337 3475 et
352 3421 508 3475 secundum
527 3420 606 3494 ipsas
619 3420 722 3494 pocius
738 3421 822 3475 istam
834 3420 1010 3493 questionem
1023 3421 1149 3475 Domino

161 3508 317 3563 adiuuante
339 3508 504 3562 solvamus:
527 3526 577 3562 nec
601 3507 735 3581 quoniam
759 3507 899 3581 scriptum
925 3519 981 3562 est:
1009 3507 1080 3561 Cum
1099 3508 1149 3562 bec

120 3595 151 3647 35
163 3594 284 3651 dixisset
306 3594 400 3666 lesus,
429 3596 563 3650 turbatus
586 3606 628 3649 est
658 3594 780 3669 spiritu,·
807 3594 937 3649 dicamus
960 3612 1024 3648 eum
1055 3593 1148 3648 leticia

154 3681 253 3757 fuisse
279 3680 437 3753 turbatum,
468 3701 502 3737 ne
528 3681 622 3737 uerbis
651 3681 710 3736 suis
738 3699 790 3736 nos
814 3681 875 3756 ipse
908 3681 1068 3749 convincat,
1103 3681 1150 3734 ubi

163 3769 248 3825 dicit:
268 3768 373 3824 Tristis
389 3780 430 3825 est
446 3769 544 3824 anima
561 3787 623 3823 mea
642 3769 783 3843 usquead
799 3778 930 3823 iriortem.
955 3769 1024 3822 Tale
1040 3767 1150 3841 aliquid

161 3856 251 3912 eciam
280 3855 327 3911 hic
359 3856 578 3934 intelligendum
603 3867 654 3919 est,
683 3856 798 3929 quaudo
831 3874 881 3910 suo
920 3856 1064 3909 traditore
1091 3855 1148 3908 iam

161 3954 228 3999 tunc
250 3943 314 3999 saia
337 3944 453 3999 exituro
489 3953 516 3998 et
547 3961 610 3999 cum
639 3943 699 3998 suis
736 3943 822 3998 sociis
853 3943 986 3998 cimtinuo
1018 3942 1149 3997 redituro

215 4214 251 4256 215.
269 4216 302 4257 A:
318 4215 381 4269 quod
395 4214 466 4257 deest.

215 4340 239 4387 8.
259 4341 278 4389 1.
299 4342 359 4389 Cor.
380 4341 397 4399 Ι,
419 4355 458 4388 eo.
532 4342 570 4390 23.
592 4340 685 4387 l'salin.
708 4339 794 4395 thlll,
817 4355 854 4387 ιι.
927 4338 966 4386 eti.
988 4338 1051 4386 i'hil.
1072 4340 1089 4395 1,
1111 4342 1151 4390 23.

167 4411 207 4474 37.
228 4410 319 4458 Mauh.
339 4411 404 4470 xvt‚
426 4414 464 4459 38.

1002 4494 1056 4541 τι*
