3098 5130
189 478 256 522 cnr.
274 464 367 547 trit]
476 482 519 530 ot:
539 481 775 532 surtcttrusro
796 482 859 530 un.
879 482 896 530 t.

189 644 226 699 ad
250 644 396 700 laborem.
434 643 523 699 Tales
547 642 626 698 enim
660 642 799 699 videntur
829 641 977 716 recepisse
1002 644 1172 699 mercedem
1232 690 1235 697 .

190 729 300 800 invia,
337 743 365 785 et
390 728 456 785 ideo
480 748 590 785 vanum
624 729 741 785 videtur
776 747 828 786 eos
860 743 1021 804 propterea
1046 729 1173 786 beatitu-

191 816 290 872 dinem
317 815 346 871 in
364 816 462 890 patria
479 830 650 890 expectarc;
675 829 704 873 et
729 816 786 872 hoc
811 816 924 873 faciunt
941 816 1102 889 religiones
1119 816 1174 873 iste

190 922 265 960 rane
304 923 363 977 que
395 903 577 960 necessiturrt
609 918 710 977 partes
743 922 813 960 suas
838 903 1010 961 mendicare
1034 923 1090 978 pro
1114 904 1174 959 suis

166 990 278 1048 §sociis
302 990 395 1059 domi,
421 991 470 1046 ubi
495 989 603 1064 singuli
627 991 705 1048 sicut
729 990 758 1046 in
783 1003 862 1047 statu
880 990 1056 1048 innocencie
1080 1010 1175 1065 quan-

190 1090 252 1132 tum
283 1080 320 1133 ad
353 1078 497 1133 alimenta
531 1093 559 1134 et
592 1091 763 1151 tegumenta
802 1078 974 1134 sufficerent
1007 1078 1062 1135 sibi
1091 1079 1173 1153 ipsis.

193 1168 253 1220 Nec
278 1178 322 1221 est
346 1164 428 1221 aliud
453 1165 593 1221 meritum
620 1183 652 1221 ex
677 1183 731 1220 suu
755 1166 993 1238 conglolmcione
1010 1165 1067 1221 nisi
1092 1168 1172 1239 quod

192 1251 345 1307 t'ortificati
370 1266 440 1307 sunt
464 1252 494 1307 in
518 1251 652 1326 ypocrisi
677 1266 705 1309 et
730 1252 862 1325 peccatis
879 1251 945 1309 aliis
969 1266 1001 1308 ut
1024 1252 1083 1308 sint
1101 1272 1173 1326 puu-

192 1339 313 1411 peribus
330 1339 492 1412 dupliciter
508 1338 639 1398 onerosi.
664 1342 725 1395 Nec
750 1338 874 1395 dubium
900 1339 972 1413 quin
998 1353 1175 1412 putrescunt

152 1450 179 1482 ro
192 1425 220 1480 in
246 1425 377 1499 peccatis
412 1426 548 1499 pluribus
581 1445 614 1482 ex
648 1426 698 1481 tali
725 1425 973 1499 congregacione,
1013 1446 1081 1482 cunt
1115 1426 1175 1482 sint

191 1513 292 1569 fenum
322 1512 417 1569 viride
442 1532 474 1569 ex
503 1512 702 1569 ordinacione
727 1512 838 1569 Clrristi
868 1513 897 1568 in
923 1514 1036 1587 populo
1060 1513 1175 1588 dispar-

191 1602 333 1671 gendum.

551 1824 655 1886 CAP.
679 1822 814 1889 LXXI.

234 1964 377 2038 Sequitur
402 1964 431 2021 in
456 1978 536 2022 textu
566 1965 706 2022 lllatthei:
731 1967 877 2023 decedens
899 1979 995 2024 aretem
1019 1968 1067 2042 qui
1089 1987 1175 2023 ruuon

152 2054 328 2111 15talentum
353 2064 515 2128 acceperat,
545 2054 601 2109 ait:
636 2053 771 2121 Domine,
803 2054 862 2109 scio
886 2055 951 2128 quia
975 2055 1060 2110 homo
1085 2056 1177 2109 ditrus

191 2158 229 2207 es,
262 2140 344 2195 metis
367 2140 416 2195 ubi
437 2159 492 2196 non
512 2140 668 2207 seminasti,
693 2151 720 2196 et
743 2158 913 2217 congregas
943 2142 991 2196 ubi
1011 2161 1066 2198 non
1089 2160 1175 2217 spar-

191 2227 269 2281 sisti:
292 2237 318 2282 et
342 2227 445 2282 timens
468 2228 527 2283 abii
549 2238 576 2283 et
599 2228 739 2283 abscondi
761 2227 901 2283 talentum
923 2239 1002 2283 tuum
1027 2229 1054 2283 in
1078 2239 1177 2284 terra:

191 2314 268 2369 Ecce
291 2313 379 2371 babes
406 2315 484 2388 quod
513 2326 592 2369 tuum
617 2326 666 2370 est.
708 2315 897 2390 Respondens
923 2327 1018 2372 aretem
1044 2316 1177 2371 dominus

192 2400 252 2456 eius
286 2401 363 2455 dixit
397 2402 436 2456 ei:
469 2402 561 2457 Serre
584 2402 661 2457 nrale
688 2411 715 2456 et
735 2402 835 2478 piger,
867 2403 979 2458 sciebas
1009 2402 1076 2478 quia
1101 2414 1176 2458 meto

150 2487 240 2544 strubi
272 2506 326 2542 nou
358 2488 467 2543 semino
501 2499 528 2544 et
551 2507 704 2565 congrego
728 2488 777 2543 ubi
803 2507 858 2543 uon
881 2489 987 2565 sparsi.
1040 2489 1176 2564 Oportuit

192 2592 266 2650 ergo
290 2585 317 2629 te
337 2575 490 2649 pecuniam
524 2594 617 2631 meam
643 2575 824 2631 committere
851 2576 1055 2631 numuutlariis
1079 2588 1105 2631 et
1129 2594 1175 2630 re-

193 2663 272 2716 niens
296 2679 352 2737 epo
376 2662 549 2737 recepissem
574 2663 670 2737 utique
692 2663 771 2738 qrrod
794 2681 887 2718 meum
912 2674 955 2719 est
978 2681 1042 2719 cum
1068 2663 1174 2720 tuturis.

237 2752 334 2821 Super
358 2767 418 2823 quo
434 2751 629 2822 leronymus:
660 2750 732 2805 l'ere
755 2750 809 2804 boc
831 2751 972 2825 scriptum
996 2762 1039 2805 est
1062 2751 1102 2805 ad
1124 2768 1176 2805 ex·
1237 2778 1341 2822 temne:

193 2837 336 2891 cttsandas
353 2838 560 2893 excusacioues
582 2838 610 2892 in
631 2836 774 2911 peccatis:
797 2837 887 2893 eciam
912 2838 978 2893 lruic
1000 2856 1087 2893 serro
1111 2855 1174 2893 con·
1187 2830 1395 2926 qefffinlgceffcffm

151 2922 261 2999 estigit
294 2933 324 2976 ut
355 2925 394 2977 ad
422 2924 583 3000 pigriciam
608 2934 635 2979 et
658 2924 872 3000 negligenciam
904 2925 1039 3000 superbie
1068 2915 1192 3000 qrtoque¹
1209 2934 1283 2978 added
1299 2941 1323 2977 to
1339 2935 1375 2978 tus

193 3010 301 3064 crimen
326 3011 484 3066 accederet.
524 3010 582 3078 Qui
603 3022 699 3066 autem
724 3011 819 3066 debuit
841 3011 1015 3087 simpliciter
1037 3012 1176 3067 inerciam

193 3097 327 3173 confiteri
341 3108 367 3152 et
385 3115 475 3153 orare
487 3098 747 3173 patremfamilias,
764 3116 779 3153 e
795 3099 945 3154 contrario
961 3098 1178 3173 calumpnianti-

194 3194 219 3238 et
244 3184 312 3238 dicit
343 3203 374 3239 se
404 3185 545 3259 prudenti
558 3186 670 3260 secisse
693 3184 823 3257 consilio,
856 3204 890 3241 ne
923 3187 990 3241 dum
1024 3187 1107 3242 lucra
1128 3203 1178 3261 pe·

194 3271 276 3325 cunie
297 3282 433 3346 quereret
457 3272 546 3327 eciam
572 3273 607 3328 de
629 3283 710 3329 sorte
728 3273 960 3349 periclitaretur.
991 3274 1179 3347 Respondeus

151 3368 289 3417 [loautem
315 3357 449 3415 dorrrinus
473 3359 533 3415 eius
557 3359 632 3415 dixit
655 3360 697 3415 ei:
720 3362 812 3415 Serve
834 3360 913 3415 male
935 3371 986 3414 etc.
1017 3360 1104 3427 Quod
1123 3377 1177 3435 pu-

194 3456 310 3499 taverat
333 3463 363 3501 se
383 3463 441 3520 pro
465 3446 656 3503 excusacione
690 3446 800 3502 dixisse
833 3447 860 3500 in
884 3447 1000 3521 culpam
1022 3446 1178 3521 propriam

195 3531 328 3586 vertitur.
347 3532 457 3588 Seruus
473 3543 569 3590 aretem
588 3534 683 3588 malus
699 3533 876 3608 appellatur,
900 3533 966 3608 qnia
983 3532 1178 3608 calumpniam

194 3620 310 3672 domino
334 3617 431 3694 facit:
454 3620 552 3695 piger,
581 3621 646 3693 quia
670 3622 810 3675 talentum
835 3620 925 3674 noluit
950 3619 1111 3694 duplicare,
1150 3630 1179 3673 ut

194 3707 221 3759 iu
256 3707 350 3761 allero
378 3707 520 3781 superbie,
559 3708 587 3760 in
611 3708 705 3761 altero
737 3706 919 3783 negligencie
941 3706 1178 3781 conder'upnetro·.

152 3794 235 3855 2t53‘i,
259 3794 358 3866 iuquit,
382 3793 489 3847 durum
514 3804 540 3848 et
564 3794 711 3849 crudelem
736 3812 798 3849 esse
822 3812 867 3849 me
888 3812 1012 3849 noveras
1035 3805 1062 3848 et
1085 3794 1179 3848 aliena

194 3880 311 3949 sectari,
344 3892 370 3934 et
403 3880 442 3935 ibi
473 3891 580 3936 uterere
604 3880 652 3936 ubi
674 3899 729 3935 nou
761 3881 895 3947 severim,
927 3899 1018 3956 quare
1050 3898 1105 3935 non
1129 3880 1181 3935 tibi

248 4234 275 4277 il.
291 4238 324 4277 A:
343 4236 399 4289 Cap.
415 4235 493 4278 llll.
560 4234 592 4279 23.
609 4238 630 4279 Α
647 4238 669 4279 iu
681 4248 768 4289 marg:
783 4236 921 4292 ‚leronymus
985 4250 1020 4287 es.
1037 4237 1066 4278 tt:
1082 4244 1104 4279 et
1118 4238 1179 4281 truie.

196 4299 223 4341 eo
233 4286 286 4329 -3n.
304 4288 391 4330 cedd:
407 4288 622 4342 Respondeas—ei
633 4288 706 4331 deest.

252 4427 289 4474 ¹⁴·
309 4412 399 4463 ttatth.
419 4414 498 4473 xxv,
519 4412 630 4477 24-28.
