3098 5130
207 500 274 544 eno.
290 493 363 564 xm]
491 507 536 556 DE
556 507 795 557 ANTlcttnlsTo
816 509 878 557 Lm.
898 508 916 556 1.

207 666 389 722 suadebant?
412 667 475 722 Nec
498 667 572 722 enim
602 678 644 723 est
659 667 741 744 sides
757 685 811 742 que
834 686 873 724 ex
889 671 1057 727 necessitate
1081 672 1195 727 timoris

203 753 338 830 procedit
360 765 411 809 aut
435 754 581 811 desiderio
604 755 732 810 muneris
755 755 878 812 alicuius
901 758 1020 813 terreni.
1046 759 1105 814 Sed
1126 759 1196 815 bene

208 842 342 897 docentes
367 851 394 896 et
425 842 528 897 melius
552 842 688 914 uirenteS,
726 853 757 898 nt
784 854 811 899 et
842 843 937 900 uerbis
959 854 986 899 et
1003 845 1107 920 sactis,
1139 864 1195 901 non

208 928 301 985 minas
321 930 524 1003 proponebant
555 929 691 986 carnales
720 931 774 986 sed
794 931 936 1006 futurum
965 929 1026 988 Dei
1055 932 1193 988 iudicium

184 1016 398 1091 §exponebant
451 1017 517 1072 Non
554 1017 713 1072 mundialia
751 1019 825 1074 bona
866 1018 919 1075 sed
950 1037 1044 1097 regna
1076 1019 1193 1076 celestia

208 1103 368 1160 ltominibus
386 1104 599 1181 proponebant,
629 1104 661 1158 Si
688 1106 741 1161 ltec
754 1105 874 1180 jaciunt
897 1106 1027 1177 heretici,
1051 1125 1119 1163 uere
1132 1107 1196 1183 filii

207 1202 272 1245 sunt
306 1193 531 1267 prophetarum,
570 1191 770 1267 apostolorum
803 1204 831 1249 et
853 1202 1035 1271 martyrum,
1073 1194 1122 1270 qui
1153 1194 1192 1249 ita

207 1279 365 1352 jecerunt;
386 1279 412 1334 si
433 1290 529 1334 autem
547 1277 621 1334 alios
640 1292 866 1355 persequuntur,
889 1280 966 1335 alios
981 1290 1104 1352 terrent,
1126 1281 1193 1337 aliis

204 1365 388 1438 promittunt,
415 1366 540 1421 aliorum
570 1366 643 1421 bona
673 1366 822 1442 diripiunt,
860 1367 926 1424 aliis
948 1378 1043 1424 antem
1074 1370 1191 1438 donant,

168 1452 267 1508 tosine
290 1453 376 1509 dnbio
414 1453 470 1528 ipsi
512 1453 548 1508 de
574 1471 604 1509 se
627 1453 819 1510 testimonium
853 1455 923 1510 dant
954 1456 1031 1529 qnod
1049 1456 1112 1533 filii
1138 1474 1193 1511 non

207 1551 274 1596 sunt
293 1541 518 1616 prophetarum,
542 1541 743 1615 apostolorum
767 1553 794 1597 et
817 1552 999 1620 martyrum.

252 1628 292 1683 Et
309 1646 359 1683 vos
375 1628 492 1703 implete
508 1645 674 1682 mensuram
688 1639 808 1703 patrum
831 1638 1006 1687 vestrorum.
1033 1630 1193 1705 Prophetat
1238 1642 1281 1686 fill
1297 1657 1328 1699 up
1343 1644 1380 1686 tm

209 1715 267 1771 illis
292 1726 454 1784 uenturum,
488 1724 518 1769 ut
549 1715 792 1789 quemadmodum
827 1727 932 1792 patres
969 1734 1069 1772 eorum
1103 1717 1191 1772 inter·
1226 1703 1390 1791 mqqsiqriescqc.

203 1802 343 1876 fecerunt
362 1804 535 1878 propbetas,
574 1802 616 1858 sic
639 1814 665 1857 et
693 1802 749 1877 ipsi
770 1803 967 1881 interficerent
992 1801 1141 1860 Christum
1166 1814 1193 1860 et
1216 1801 1343 1895 tamphtcm
1358 1807 1398 1895 ¹¹d01

117 1899 181 1956 411‘
209 1890 358 1965 apostolos
390 1901 416 1946 et
437 1884 442 1968 Ι
462 1900 574 1945 ceteros
596 1900 721 1946 sanctos.
760 1889 826 1945 Non
856 1891 931 1947 iubet
959 1909 1007 1948 eos
1030 1902 1060 1947 ut
1075 1891 1193 1966 jaciant
1252 1865 1386 1897 commun.

209 1978 287 2050 quod
317 1977 437 2052 facturi
464 1995 519 2032 non
548 1986 632 2032 erant
664 1976 721 2032 nisi
742 1977 886 2047 iussisset;
922 1978 975 2034 sed
1006 1979 1131 2035 ostendit
1153 1979 1194 2035 eis

209 2065 274 2138 qnia
308 2064 414 2121 sciebat
438 2064 515 2138 quod
538 2073 631 2118 essent
646 2063 775 2138 facturi,
808 2075 838 2119 nt
857 2077 941 2140 puta,
966 2066 993 2120 si
1014 2076 1116 2121 contra
1139 2065 1193 2121 ali·

210 2170 291 2225 quem
325 2152 421 2228 litiges
453 2150 659 2206 adversarium
692 2151 742 2225 qui
777 2150 887 2227 aliquid
914 2153 1024 2230 cogitat
1051 2154 1194 2209 adversus

210 2249 246 2309 te,
271 2239 343 2294 dicis
365 2238 424 2293 illi:
444 2237 502 2312 sac
525 2238 597 2292 mihi
617 2238 736 2312 quodes
751 2238 903 2312 facturus,
931 2258 986 2295 non
1009 2240 1088 2296 iubes
1111 2240 1192 2296 illum

168 2342 200 2374 20
211 2337 241 2380 ut
257 2326 355 2400 saciat
377 2325 430 2380 sed
453 2324 580 2385 ostendis
608 2336 635 2380 te
662 2325 828 2402 intelligere
849 2327 928 2401 quod
951 2326 1061 2404 cogitat
1075 2328 1191 2401 jacere.

211 2413 259 2470 Sic
282 2424 308 2469 et
325 2412 470 2467 Dominus
485 2412 524 2466 ad
538 2410 645 2467 Judam
663 2412 792 2468 dicebat:
819 2413 906 2479 Quod
922 2412 1005 2487 sacis
1021 2414 1079 2487 sac
1095 2413 1193 2485 cicius,

211 2511 237 2557 et
273 2519 359 2575 quam
393 2500 462 2555 bene
493 2498 584 2554 dixit:
621 2499 756 2574 Implete:
798 2509 825 2555 et
863 2518 934 2555 non:
968 2500 1191 2576 Superimpletc.

215 2588 361 2655 Quantum
373 2587 447 2642 enim
464 2586 504 2641 ad
514 2585 675 2658 ueritatem,
692 2597 880 2643 excesserunt
891 2605 1057 2643 mensuram
1070 2598 1191 2664 patrum

209 2693 339 2731 suorum.
375 2674 424 2729 Illi
445 2674 518 2730 enim
543 2673 673 2730 homines
696 2673 874 2745 occiderunt,
903 2674 952 2730 isti
973 2675 1069 2730 Deum
1098 2676 1192 2730 cruci·

168 2764 198 2813 τῇ
216 2763 358 2834 fixerunt,
381 2761 426 2816 illi
445 2761 603 2834 ministros,
626 2761 675 2816 isti
689 2779 799 2838 regem.
825 2760 884 2817 Sed
898 2762 963 2836 quia
979 2762 1127 2818 uoluntate
1140 2780 1192 2818 sua

210 2849 355 2905 descendit
378 2848 406 2903 in
435 2858 569 2919 mortem,
594 2866 648 2903 non
669 2848 792 2923 imputat
814 2848 872 2905 illis
894 2867 945 2905 sue
967 2849 1070 2905 mortis
1088 2866 1193 2924 pecca·

209 2948 281 3007 tum,
303 2936 377 2992 sicot
393 2947 419 2991 et
443 2935 470 2991 in
487 2953 574 2991 cruce
590 2936 705 3011 petebat
727 2953 784 3010 pro
801 2935 856 2992 eis:
880 2935 970 2992 Pater
989 2936 1104 2992 remitte
1125 2936 1193 3002 illis,

209 3024 338 3080 nesciunt
361 3022 430 3097 quid
448 3022 577 3097 jaciunt.
617 3023 744 3099 imputat
775 3033 871 3078 autem
903 3023 962 3079 illis
988 3023 1190 3098 apostolorum

210 3121 332 3166 mortem
357 3121 577 3185 ceterorumque
596 3120 764 3166 sanctorum
794 3109 843 3184 qui
864 3110 991 3167 nolentes
1007 3110 1095 3167 occisi
1116 3122 1190 3166 sunt.
1243 3100 1245 3104 ¹

167 3199 277 3253 ‚toldeo
302 3198 371 3255 dicit
395 3198 516 3272 implete
538 3207 565 3253 et
592 3215 647 3253 non
671 3196 892 3273 Superimplete.
926 3197 1002 3253 Nam
1027 3208 1054 3253 et
1076 3199 1194 3276 benigni

209 3296 235 3341 et
263 3285 331 3341 iusti
352 3285 454 3340 iudicis
482 3295 524 3341 est
546 3302 616 3341 snas
647 3283 767 3339 iniurias
791 3295 995 3360 contempnere
1016 3295 1044 3341 et
1067 3286 1192 3342 aliorum

209 3372 329 3428 iniurias
368 3372 524 3427 vindicare.
568 3371 627 3439 Qui
657 3382 753 3426 autem
784 3389 854 3426 suas
891 3372 1017 3428 vindicat
1062 3374 1194 3447 quamuis

209 3460 277 3515 iusti
300 3459 433 3529 uindicet,
461 3477 616 3534 numquam
640 3468 736 3514 tamen
760 3458 850 3514 iudex
865 3458 956 3515 iustus
979 3477 1041 3515 esse
1059 3469 1192 3534 putatur.

213 3547 425 3620 Consequenter
448 3546 582 3601 hereticis
605 3545 714 3601 dicitur
745 3544 815 3601 ltoc:
837 3546 935 3621 Ipsum
958 3546 1073 3621 quidem
1097 3547 1192 3603 Deum

166 3633 322 3709 35patrem
355 3632 536 3708 confitentur,
566 3632 666 3709 silium
699 3632 791 3707 ipsum
816 3632 911 3689 Deum
944 3651 1006 3689 esse
1035 3644 1144 3710 negant
1167 3646 1193 3691 et

209 3721 350 3796 Spiritum
367 3721 506 3775 Sanctum
522 3720 614 3795 ipsum
634 3720 726 3776 Deum
743 3737 805 3775 esse
821 3730 937 3798 negant.
959 3720 1101 3788 Quoniam
1119 3720 1192 3777 enim

210 3808 289 3863 vides
314 3808 457 3863 hereticos
489 3816 549 3862 tres
568 3824 625 3882 per
648 3806 744 3862 omnia
767 3807 884 3881 equales
908 3807 1042 3873 dicentes,
1065 3807 1192 3864 eiusdem

207 3894 379 3966 substancie‚
403 3895 529 3950 eiusdem
553 3893 746 3960 auctoritatis,
768 3893 831 3950 sine
847 3894 1003 3970 principio,
1026 3912 1126 3951 omnes
1141 3896 1193 3952 ltos

259 4180 279 4210 2.
295 4168 328 4209 A:
344 4165 462 4209 desiderio
477 4165 548 4207 deest.
629 4176 661 4208 ιο.
681 4166 714 4208 A:
729 4165 780 4207 sine
793 4164 862 4207 dubio
878 4165 948 4207 deest.
1020 4162 1050 4208 13.
1066 4164 1096 4208 B:
1112 4176 1193 4209 eorum

207 4219 279 4261 deest.
347 4231 377 4272 ¹7·
394 4219 423 4260 B:
439 4222 508 4260 erant
514 4216 619 4272 facturi.
696 4215 783 4266 24-25.
807 4218 840 4260 A:
856 4215 1109 4271 tlte-crucifixerunt
1121 4218 1192 4261 deest.

208 4271 360 4367 qbffliquia
374 4271 445 4313 deest.
518 4268 592 4314 36-5.
607 4268 696 4312 Codd.:
714 4268 830 4324 Quoniam
850 4270 909 4313 enim
919 4293 944 4300 -
955 4269 1027 4313 Deum
1035 4268 1114 4325 fitium
1130 4271 1193 4313 deest

262 4464 302 4503 21·
321 4447 380 4499 lob,
400 4448 466 4510 Xlll,
487 4462 527 4514 27·
617 4462 657 4514 27.
678 4447 765 4499 Lucae
784 4447 871 4508 xxiii,
893 4448 932 4513 34.
