<?xml version="1.0" encoding="UTF-8"?>
<!DOCTYPE html PUBLIC "-//W3C//DTD XHTML 1.0 Transitional//EN"
    "http://www.w3.org/TR/xhtml1/DTD/xhtml1-transitional.dtd">
<html xmlns="http://www.w3.org/1999/xhtml" xml:lang="en" lang="en">
 <head>
  <title>
</title>
<meta http-equiv="Content-Type" content="text/html;charset=utf-8" />
  <meta name='ocr-system' content='tesseract 3.04.00' />
  <meta name='ocr-capabilities' content='ocr_page ocr_carea ocr_par ocr_line ocrx_word'/>
</head>
<body>
  <div class='ocr_page' id='page_1' title='image "./iohanniswyclifo01wyclgoog_0257.png"; bbox 0 0 3098 5130; ppageno 0'>
   <div class='ocr_carea' id='block_1_1' title="bbox 125 437 1324 522">
    <p class='ocr_par' dir='ltr' id='par_1_1' title="bbox 125 437 1324 522">
     <span class='ocr_line' id='line_1_1' title="bbox 125 437 1324 522; baseline 0.004 -21"><span class='ocrx_word' id='word_1_1' title='bbox 125 443 185 502; x_wconf 82' lang='lat'><em>218</em></span> <span class='ocrx_word' id='word_1_2' title='bbox 581 458 671 508; x_wconf 82' lang='lat' dir='ltr'><em>oeus</em></span> <span class='ocrx_word' id='word_1_3' title='bbox 689 457 942 508; x_wconf 77' lang='lat' dir='ltr'><em>evnnorctcun</em></span> <span class='ocrx_word' id='word_1_4' title='bbox 963 457 1029 509; x_wconf 77' lang='lat' dir='ltr'><em>ua</em></span> <span class='ocrx_word' id='word_1_5' title='bbox 1046 458 1088 507; x_wconf 94' lang='grc' dir='ltr'><strong>ιιι.</strong></span> <span class='ocrx_word' id='word_1_6' title='bbox 1168 437 1249 522; x_wconf 67' lang='lat' dir='ltr'><em>[cun</em></span> <span class='ocrx_word' id='word_1_7' title='bbox 1265 453 1324 497; x_wconf 74' lang='lat' dir='ltr'><em>ux:</em></span> 
     </span>
    </p>
   </div>
   <div class='ocr_carea' id='block_1_2' title="bbox 125 617 1374 3921">
    <p class='ocr_par' dir='ltr' id='par_1_2' title="bbox 125 617 1374 3921">
     <span class='ocr_line' id='line_1_2' title="bbox 170 617 1326 693; baseline 0.003 -23"><span class='ocrx_word' id='word_1_8' title='bbox 170 625 276 688; x_wconf 70' lang='lat' dir='ltr'><em>terque:</em></span> <span class='ocrx_word' id='word_1_9' title='bbox 384 619 481 692; x_wconf 89' lang='lat' dir='ltr'>Super</span> <span class='ocrx_word' id='word_1_10' title='bbox 513 637 574 693; x_wconf 88' lang='lat' dir='ltr'><em>quo</em></span> <span class='ocrx_word' id='word_1_11' title='bbox 608 617 800 692; x_wconf 86' lang='lat' dir='ltr'><em>Jeronymus:</em></span> <span class='ocrx_word' id='word_1_12' title='bbox 841 619 936 688; x_wconf 85' lang='lat' dir='ltr'><em>Tunc,·</em></span> <span class='ocrx_word' id='word_1_13' title='bbox 960 618 1060 693; x_wconf 82' lang='lat' dir='ltr'><em>inquit,</em></span> <span class='ocrx_word' id='word_1_14' title='bbox 1100 619 1156 674; x_wconf 92' lang='lat' dir='ltr'><em>duo</em></span> <span class='ocrx_word' id='word_1_15' title='bbox 1185 631 1269 675; x_wconf 89' lang='lat' dir='ltr'><em>erunt</em></span> <span class='ocrx_word' id='word_1_16' title='bbox 1298 619 1326 674; x_wconf 89' lang='lat' dir='ltr'><em>in</em></span> 
     </span>
     <span class='ocr_line' id='line_1_3' title="bbox 125 678 1327 787; baseline 0.002 -27"><span class='ocrx_word' id='word_1_17' title='bbox 125 678 429 787; x_wconf 48' lang='lat' dir='ltr'><em>wssymtiss‘tnssgmogro,</em></span> <span class='ocrx_word' id='word_1_18' title='bbox 469 707 582 781; x_wconf 87' lang='lat' dir='ltr'><em>quando</em></span> <span class='ocrx_word' id='word_1_19' title='bbox 622 707 732 763; x_wconf 89' lang='lat' dir='ltr'><em>scilicet</em></span> <span class='ocrx_word' id='word_1_20' title='bbox 769 719 901 782; x_wconf 86' lang='lat' dir='ltr'><em>tempore</em></span> <span class='ocrx_word' id='word_1_21' title='bbox 941 695 1202 763; x_wconf 80' lang='lat' dir='ltr'><em>consummacionis</em></span> <span class='ocrx_word' id='word_1_22' title='bbox 1241 718 1327 781; x_wconf 81' lang='lat' dir='ltr'><em>atque</em></span> 
     </span>
     <span class='ocr_line' id='line_1_4' title="bbox 127 784 1327 880; baseline 0.001 -33"><span class='ocrx_word' id='word_1_23' title='bbox 127 785 223 880; x_wconf 36' lang='lat' dir='ltr'><em>iffi?</em></span> <span class='ocrx_word' id='word_1_24' title='bbox 240 784 274 878; x_wconf 57' lang='lat' dir='ltr'><strong>ead„</strong></span> <span class='ocrx_word' id='word_1_25' title='bbox 277 784 330 878; x_wconf 69' lang='lat' dir='ltr'><em>inae</em></span> <span class='ocrx_word' id='word_1_26' title='bbox 340 792 440 848; x_wconf 87' lang='lat' dir='ltr'><em>iudicii</em></span> <span class='ocrx_word' id='word_1_27' title='bbox 462 793 517 849; x_wconf 91' lang='lat' dir='ltr'><em>duo</em></span> <span class='ocrx_word' id='word_1_28' title='bbox 541 794 569 848; x_wconf 92' lang='lat' dir='ltr'><em>iu</em></span> <span class='ocrx_word' id='word_1_29' title='bbox 593 812 670 871; x_wconf 83' lang='lat' dir='ltr'><em>agro</em></span> <span class='ocrx_word' id='word_1_30' title='bbox 691 794 807 869; x_wconf 88' lang='lat' dir='ltr'><em>pariter</em></span> <span class='ocrx_word' id='word_1_31' title='bbox 830 795 1023 865; x_wconf 79' lang='lat' dir='ltr'><em>invenientur,</em></span> <span class='ocrx_word' id='word_1_32' title='bbox 1047 793 1167 851; x_wconf 90' lang='lat' dir='ltr'><em>eundem</em></span> <span class='ocrx_word' id='word_1_33' title='bbox 1192 794 1327 850; x_wconf 86' lang='lat' dir='ltr'><em>habentes</em></span> 
     </span>
     <span class='ocr_line' id='line_1_5' title="bbox 172 880 1326 956; baseline 0.005 -27"><span class='ocrx_word' id='word_1_34' title='bbox 172 890 210 930; x_wconf 82' lang='lat' dir='ltr'><em>rm</em></span> <span class='ocrx_word' id='word_1_35' title='bbox 225 888 281 931; x_wconf 84' lang='lat' dir='ltr'><em>mitt.</em></span> <span class='ocrx_word' id='word_1_36' title='bbox 340 880 469 935; x_wconf 86' lang='lat' dir='ltr'><em>laborem</em></span> <span class='ocrx_word' id='word_1_37' title='bbox 494 891 520 936; x_wconf 93' lang='lat' dir='ltr'><em>et</em></span> <span class='ocrx_word' id='word_1_38' title='bbox 543 882 626 956; x_wconf 86' lang='lat' dir='ltr'><strong><em>quasi</em></strong></span> <span class='ocrx_word' id='word_1_39' title='bbox 644 899 749 956; x_wconf 85' lang='lat' dir='ltr'><em>parem</em></span> <span class='ocrx_word' id='word_1_40' title='bbox 772 892 937 954; x_wconf 75' lang='lat' dir='ltr'><em>sementem,</em></span> <span class='ocrx_word' id='word_1_41' title='bbox 961 882 1014 938; x_wconf 86' lang='lat' dir='ltr'><em>sed</em></span> <span class='ocrx_word' id='word_1_42' title='bbox 1029 881 1167 955; x_wconf 83' lang='lat' dir='ltr'><em>fructum</em></span> <span class='ocrx_word' id='word_1_43' title='bbox 1193 881 1326 937; x_wconf 84' lang='lat' dir='ltr'><em>laborum</em></span> 
     </span>
     <span class='ocr_line' id='line_1_6' title="bbox 340 967 1354 1043; baseline 0.005 -22"><span class='ocrx_word' id='word_1_44' title='bbox 340 986 395 1023; x_wconf 89' lang='lat' dir='ltr'><em>non</em></span> <span class='ocrx_word' id='word_1_45' title='bbox 419 986 488 1043; x_wconf 81' lang='lat' dir='ltr'><em>eque</em></span> <span class='ocrx_word' id='word_1_46' title='bbox 512 968 688 1043; x_wconf 82' lang='lat' dir='ltr'><em>recipientes.</em></span> <span class='ocrx_word' id='word_1_47' title='bbox 722 969 789 1025; x_wconf 85' lang='lat' dir='ltr'><em>Due</em></span> <span class='ocrx_word' id='word_1_48' title='bbox 816 986 927 1043; x_wconf 82' lang='lat' dir='ltr'><em>quoque</em></span> <span class='ocrx_word' id='word_1_49' title='bbox 954 969 1093 1025; x_wconf 90' lang='lat' dir='ltr'><em>molentes</em></span> <span class='ocrx_word' id='word_1_50' title='bbox 1119 967 1207 1024; x_wconf 89' lang='lat' dir='ltr'><em>simul</em></span> <span class='ocrx_word' id='word_1_51' title='bbox 1229 977 1354 1026; x_wconf 75' lang='lat' dir='ltr'><em>erunt-5</em></span> 
     </span>
     <span class='ocr_line' id='line_1_7' title="bbox 339 1054 1327 1132; baseline 0.002 -24"><span class='ocrx_word' id='word_1_52' title='bbox 339 1054 434 1110; x_wconf 89' lang='lat' dir='ltr'><em>altera</em></span> <span class='ocrx_word' id='word_1_53' title='bbox 458 1066 624 1111; x_wconf 81' lang='lat' dir='ltr'><em>assumetur</em></span> <span class='ocrx_word' id='word_1_54' title='bbox 647 1067 674 1111; x_wconf 92' lang='lat' dir='ltr'><em>et</em></span> <span class='ocrx_word' id='word_1_55' title='bbox 696 1056 791 1111; x_wconf 89' lang='lat' dir='ltr'><em>altera</em></span> <span class='ocrx_word' id='word_1_56' title='bbox 821 1056 1008 1131; x_wconf 85' lang='lat' dir='ltr'><em>relinquetur.</em></span> <span class='ocrx_word' id='word_1_57' title='bbox 1038 1057 1070 1110; x_wconf 94' lang='lat' dir='ltr'><em>In</em></span> <span class='ocrx_word' id='word_1_58' title='bbox 1094 1056 1206 1111; x_wconf 85' lang='lat' dir='ltr'><em>duobus</em></span> <span class='ocrx_word' id='word_1_59' title='bbox 1227 1056 1278 1132; x_wconf 80' lang='lat' dir='ltr'><em>qui</em></span> <span class='ocrx_word' id='word_1_60' title='bbox 1299 1056 1327 1110; x_wconf 86' lang='lat' dir='ltr'><em>iu</em></span> 
     </span>
     <span class='ocr_line' id='line_1_8' title="bbox 339 1143 1329 1219; baseline 0.001 -24"><span class='ocrx_word' id='word_1_61' title='bbox 339 1159 416 1218; x_wconf 82' lang='lat' dir='ltr'><em>agro</em></span> <span class='ocrx_word' id='word_1_62' title='bbox 439 1154 661 1199; x_wconf 89' lang='lat' dir='ltr'><em>commorantur</em></span> <span class='ocrx_word' id='word_1_63' title='bbox 692 1155 719 1198; x_wconf 88' lang='lat' dir='ltr'><em>et</em></span> <span class='ocrx_word' id='word_1_64' title='bbox 741 1143 769 1198; x_wconf 91' lang='lat' dir='ltr'><em>in</em></span> <span class='ocrx_word' id='word_1_65' title='bbox 794 1143 905 1199; x_wconf 86' lang='lat' dir='ltr'><em>duobus</em></span> <span class='ocrx_word' id='word_1_66' title='bbox 928 1161 981 1218; x_wconf 86' lang='lat' dir='ltr'><em>que</em></span> <span class='ocrx_word' id='word_1_67' title='bbox 1000 1144 1118 1219; x_wconf 87' lang='lat' dir='ltr'><em>pariter</em></span> <span class='ocrx_word' id='word_1_68' title='bbox 1147 1143 1258 1199; x_wconf 90' lang='lat' dir='ltr'><em>molunt</em></span> <span class='ocrx_word' id='word_1_69' title='bbox 1282 1143 1329 1198; x_wconf 87' lang='lat' dir='ltr'><em>vel</em></span> 
     </span>
     <span class='ocr_line' id='line_1_9' title="bbox 339 1229 1329 1308; baseline 0 -25"><span class='ocrx_word' id='word_1_70' title='bbox 339 1229 541 1308; x_wconf 81' lang='lat' dir='ltr'><em>signagogam</em></span> <span class='ocrx_word' id='word_1_71' title='bbox 566 1230 732 1308; x_wconf 81' lang='lat' dir='ltr'><em>intelligere</em></span> <span class='ocrx_word' id='word_1_72' title='bbox 754 1231 889 1287; x_wconf 86' lang='lat' dir='ltr'><em>dehemus</em></span> <span class='ocrx_word' id='word_1_73' title='bbox 913 1242 941 1287; x_wconf 89' lang='lat' dir='ltr'><em>et</em></span> <span class='ocrx_word' id='word_1_74' title='bbox 965 1231 1115 1287; x_wconf 86' lang='lat' dir='ltr'><em>ecclesiam</em></span> <span class='ocrx_word' id='word_1_75' title='bbox 1140 1232 1217 1305; x_wconf 82' lang='lat' dir='ltr'><em>quod</em></span> <span class='ocrx_word' id='word_1_76' title='bbox 1239 1230 1329 1286; x_wconf 88' lang='lat' dir='ltr'><em>simul</em></span> 
     </span>
     <span class='ocr_line' id='line_1_10' title="bbox 340 1315 1328 1394; baseline 0.001 -23"><span class='ocrx_word' id='word_1_77' title='bbox 340 1315 450 1372; x_wconf 86' lang='lat' dir='ltr'><em>molere</em></span> <span class='ocrx_word' id='word_1_78' title='bbox 474 1316 629 1373; x_wconf 82' lang='lat' dir='ltr'><em>uideantur</em></span> <span class='ocrx_word' id='word_1_79' title='bbox 661 1318 689 1372; x_wconf 91' lang='lat' dir='ltr'><em>in</em></span> <span class='ocrx_word' id='word_1_80' title='bbox 712 1317 779 1394; x_wconf 80' lang='lat' dir='ltr'><em>lege</em></span> <span class='ocrx_word' id='word_1_81' title='bbox 801 1329 828 1373; x_wconf 88' lang='lat' dir='ltr'><em>et</em></span> <span class='ocrx_word' id='word_1_82' title='bbox 852 1319 888 1373; x_wconf 92' lang='lat' dir='ltr'><em>de</em></span> <span class='ocrx_word' id='word_1_83' title='bbox 910 1318 1018 1374; x_wconf 86' lang='lat' dir='ltr'><em>eisdem</em></span> <span class='ocrx_word' id='word_1_84' title='bbox 1041 1318 1197 1394; x_wconf 88' lang='lat' dir='ltr'><em>scripturis</em></span> <span class='ocrx_word' id='word_1_85' title='bbox 1220 1317 1328 1373; x_wconf 88' lang='lat' dir='ltr'><em>sanctis</em></span> 
     </span>
     <span class='ocr_line' id='line_1_11' title="bbox 339 1403 1373 1481; baseline 0.005 -23"><span class='ocrx_word' id='word_1_86' title='bbox 339 1403 476 1478; x_wconf 87' lang='lat' dir='ltr'><em>farinam</em></span> <span class='ocrx_word' id='word_1_87' title='bbox 494 1415 596 1460; x_wconf 87' lang='lat' dir='ltr'><em>texere</em></span> <span class='ocrx_word' id='word_1_88' title='bbox 614 1415 819 1480; x_wconf 81' lang='lat' dir='ltr'><em>preceptorum</em></span> <span class='ocrx_word' id='word_1_89' title='bbox 836 1405 902 1476; x_wconf 89' lang='lat' dir='ltr'><em>Dei,</em></span> <span class='ocrx_word' id='word_1_90' title='bbox 933 1406 978 1460; x_wconf 75' lang='lat' dir='ltr'><em>ret</em></span> <span class='ocrx_word' id='word_1_91' title='bbox 1000 1416 1112 1461; x_wconf 88' lang='lat' dir='ltr'><em>ceteras</em></span> <span class='ocrx_word' id='word_1_92' title='bbox 1135 1405 1252 1461; x_wconf 82' lang='lat' dir='ltr'><em>hereses</em></span> <span class='ocrx_word' id='word_1_93' title='bbox 1273 1424 1328 1481; x_wconf 84' lang='lat' dir='ltr'><em>que</em></span> <span class='ocrx_word' id='word_1_94' title='bbox 1343 1430 1373 1463; x_wconf 86' lang='lat' dir='ltr'><em>ro</em></span> 
     </span>
     <span class='ocr_line' id='line_1_12' title="bbox 339 1492 1328 1567; baseline 0.003 -22"><span class='ocrx_word' id='word_1_95' title='bbox 339 1502 389 1546; x_wconf 87' lang='lat' dir='ltr'><em>aut</em></span> <span class='ocrx_word' id='word_1_96' title='bbox 415 1493 451 1547; x_wconf 91' lang='lat' dir='ltr'><em>de</em></span> <span class='ocrx_word' id='word_1_97' title='bbox 474 1502 596 1567; x_wconf 83' lang='lat' dir='ltr'><em>utroque</em></span> <span class='ocrx_word' id='word_1_98' title='bbox 612 1502 782 1548; x_wconf 87' lang='lat' dir='ltr'><em>testamento</em></span> <span class='ocrx_word' id='word_1_99' title='bbox 805 1503 855 1547; x_wconf 90' lang='lat' dir='ltr'><em>aut</em></span> <span class='ocrx_word' id='word_1_100' title='bbox 879 1493 915 1548; x_wconf 90' lang='lat' dir='ltr'><em>de</em></span> <span class='ocrx_word' id='word_1_101' title='bbox 937 1493 1032 1548; x_wconf 87' lang='lat' dir='ltr'><em>altero</em></span> <span class='ocrx_word' id='word_1_102' title='bbox 1057 1492 1193 1548; x_wconf 83' lang='lat' dir='ltr'><em>uidentur</em></span> <span class='ocrx_word' id='word_1_103' title='bbox 1215 1493 1328 1548; x_wconf 89' lang='lat' dir='ltr'><em>molere</em></span> 
     </span>
     <span class='ocr_line' id='line_1_13' title="bbox 340 1578 1329 1653; baseline 0.001 -20"><span class='ocrx_word' id='word_1_104' title='bbox 340 1579 478 1653; x_wconf 81' lang='lat' dir='ltr'><em>sar-inam</em></span> <span class='ocrx_word' id='word_1_105' title='bbox 503 1578 703 1635; x_wconf 80' lang='lat' dir='ltr'><em>doctrinarum</em></span> <span class='ocrx_word' id='word_1_106' title='bbox 740 1598 871 1650; x_wconf 85' lang='lat' dir='ltr'><em>suorum,</em></span> <span class='ocrx_word' id='word_1_107' title='bbox 904 1592 931 1636; x_wconf 89' lang='lat' dir='ltr'><em>et</em></span> <span class='ocrx_word' id='word_1_108' title='bbox 962 1598 1026 1635; x_wconf 91' lang='lat' dir='ltr'><em>cum</em></span> <span class='ocrx_word' id='word_1_109' title='bbox 1060 1598 1146 1634; x_wconf 88' lang='lat' dir='ltr'><em>unum</em></span> <span class='ocrx_word' id='word_1_110' title='bbox 1176 1579 1329 1635; x_wconf 86' lang='lat' dir='ltr'><em>christiani</em></span> 
     </span>
     <span class='ocr_line' id='line_1_14' title="bbox 340 1665 1325 1742; baseline 0.001 -22"><span class='ocrx_word' id='word_1_111' title='bbox 340 1666 462 1722; x_wconf 85' lang='lat' dir='ltr'><em>nominis</em></span> <span class='ocrx_word' id='word_1_112' title='bbox 481 1665 665 1742; x_wconf 89' lang='lat' dir='ltr'><em>propositum</em></span> <span class='ocrx_word' id='word_1_113' title='bbox 699 1667 803 1723; x_wconf 86' lang='lat' dir='ltr'><em>habent</em></span> <span class='ocrx_word' id='word_1_114' title='bbox 835 1685 890 1723; x_wconf 86' lang='lat' dir='ltr'><em>nou</em></span> <span class='ocrx_word' id='word_1_115' title='bbox 914 1667 1034 1723; x_wconf 89' lang='lat' dir='ltr'><em>eandem</em></span> <span class='ocrx_word' id='word_1_116' title='bbox 1065 1667 1226 1723; x_wconf 81' lang='lat' dir='ltr'><em>mercedem</em></span> <span class='ocrx_word' id='word_1_117' title='bbox 1252 1667 1325 1722; x_wconf 91' lang='lat' dir='ltr'><em>reci-</em></span> 
     </span>
     <span class='ocr_line' id='line_1_15' title="bbox 337 1752 1325 1829; baseline 0.004 -21"><span class='ocrx_word' id='word_1_118' title='bbox 337 1752 417 1828; x_wconf 84' lang='lat' dir='ltr'><em>pient</em></span> <span class='ocrx_word' id='word_1_119' title='bbox 441 1753 507 1808; x_wconf 88' lang='lat' dir='ltr'><em>aliis</em></span> <span class='ocrx_word' id='word_1_120' title='bbox 539 1753 697 1829; x_wconf 85' lang='lat' dir='ltr'><em>assumptis</em></span> <span class='ocrx_word' id='word_1_121' title='bbox 720 1764 747 1809; x_wconf 91' lang='lat' dir='ltr'><em>et</em></span> <span class='ocrx_word' id='word_1_122' title='bbox 774 1754 841 1811; x_wconf 86' lang='lat' dir='ltr'><em>aliis</em></span> <span class='ocrx_word' id='word_1_123' title='bbox 864 1754 1019 1810; x_wconf 80' lang='lat' dir='ltr'><em>derelictis.</em></span> <span class='ocrx_word' id='word_1_124' title='bbox 1051 1755 1113 1810; x_wconf 87' lang='lat' dir='ltr'><em>Hec</em></span> <span class='ocrx_word' id='word_1_125' title='bbox 1135 1756 1325 1826; x_wconf 85' lang='lat' dir='ltr'><em>teronymus.</em></span> 
     </span>
     <span class='ocr_line' id='line_1_16' title="bbox 151 1838 1371 1909; baseline 0.004 -18"><span class='ocrx_word' id='word_1_126' title='bbox 151 1848 304 1909; x_wconf 69' lang='lat' dir='ltr'><em>Thecttnrcn</em></span> <span class='ocrx_word' id='word_1_127' title='bbox 384 1838 510 1896; x_wconf 90' lang='lat' dir='ltr'><em>Videtur</em></span> <span class='ocrx_word' id='word_1_128' title='bbox 542 1840 630 1897; x_wconf 85' lang='lat' dir='ltr'><em>istum</em></span> <span class='ocrx_word' id='word_1_129' title='bbox 656 1854 792 1898; x_wconf 89' lang='lat' dir='ltr'><em>sanctum</em></span> <span class='ocrx_word' id='word_1_130' title='bbox 827 1860 939 1898; x_wconf 89' lang='lat' dir='ltr'><em>nomen</em></span> <span class='ocrx_word' id='word_1_131' title='bbox 963 1840 1120 1898; x_wconf 89' lang='lat' dir='ltr'><em>militantis</em></span> <span class='ocrx_word' id='word_1_132' title='bbox 1144 1841 1269 1898; x_wconf 87' lang='lat' dir='ltr'><em>ecclesie</em></span> <span class='ocrx_word' id='word_1_133' title='bbox 1293 1839 1371 1896; x_wconf 67' lang='lat' dir='ltr'><em>ints</em></span> 
     </span>
     <span class='ocr_line' id='line_1_17' title="bbox 146 1901 1325 2003; baseline 0.001 -21"><span class='ocrx_word' id='word_1_134' title='bbox 146 1901 304 1995; x_wconf 54' lang='grc' dir='ltr'><em>ἀὲζῖῗξέξῐῗὲο</em></span> <span class='ocrx_word' id='word_1_135' title='bbox 342 1928 417 1983; x_wconf 89' lang='lat' dir='ltr'><em>duas</em></span> <span class='ocrx_word' id='word_1_136' title='bbox 440 1941 541 2002; x_wconf 88' lang='lat' dir='ltr'><em>partes</em></span> <span class='ocrx_word' id='word_1_137' title='bbox 565 1927 707 1996; x_wconf 80' lang='lat' dir='ltr'><em>dividere,</em></span> <span class='ocrx_word' id='word_1_138' title='bbox 736 1928 851 1986; x_wconf 88' lang='lat' dir='ltr'><em>scilicet</em></span> <span class='ocrx_word' id='word_1_139' title='bbox 875 1928 1125 2003; x_wconf 84' lang='lat' dir='ltr'><em>contemplativos</em></span> <span class='ocrx_word' id='word_1_140' title='bbox 1149 1942 1177 1985; x_wconf 92' lang='lat' dir='ltr'><em>et</em></span> <span class='ocrx_word' id='word_1_141' title='bbox 1202 1928 1325 1999; x_wconf 84' lang='lat' dir='ltr'><em>activos,</em></span> 
     </span>
     <span class='ocr_line' id='line_1_18' title="bbox 139 2005 1326 2100; baseline 0.002 -31"><span class='ocrx_word' id='word_1_142' title='bbox 139 2005 319 2100; x_wconf 53' lang='lat' dir='ltr'><em>mffiffisswe</em></span> <span class='ocrx_word' id='word_1_143' title='bbox 342 2027 371 2070; x_wconf 91' lang='lat' dir='ltr'><em>et</em></span> <span class='ocrx_word' id='word_1_144' title='bbox 404 2013 434 2070; x_wconf 91' lang='lat' dir='ltr'><em>in</em></span> <span class='ocrx_word' id='word_1_145' title='bbox 466 2029 597 2089; x_wconf 87' lang='lat' dir='ltr'><em>utroque</em></span> <span class='ocrx_word' id='word_1_146' title='bbox 618 2018 755 2073; x_wconf 87' lang='lat' dir='ltr'><em>membro</em></span> <span class='ocrx_word' id='word_1_147' title='bbox 790 2030 859 2072; x_wconf 90' lang='lat' dir='ltr'><em>sunt</em></span> <span class='ocrx_word' id='word_1_148' title='bbox 883 2016 994 2090; x_wconf 87' lang='lat' dir='ltr'><em>gradus</em></span> <span class='ocrx_word' id='word_1_149' title='bbox 1025 2015 1216 2090; x_wconf 81' lang='lat' dir='ltr'><em>multiplices,</em></span> <span class='ocrx_word' id='word_1_150' title='bbox 1255 2014 1326 2089; x_wconf 91' lang='lat' dir='ltr'><em>quia</em></span> 
     </span>
     <span class='ocr_line' id='line_1_19' title="bbox 343 2100 1327 2176; baseline 0.001 -18"><span class='ocrx_word' id='word_1_151' title='bbox 343 2100 468 2176; x_wconf 90' lang='lat' dir='ltr'><em>quidam</em></span> <span class='ocrx_word' id='word_1_152' title='bbox 507 2101 610 2159; x_wconf 89' lang='lat' dir='ltr'><em>vivunt</em></span> <span class='ocrx_word' id='word_1_153' title='bbox 642 2102 773 2160; x_wconf 83' lang='lat' dir='ltr'><em>finaliter</em></span> <span class='ocrx_word' id='word_1_154' title='bbox 804 2104 971 2160; x_wconf 90' lang='lat' dir='ltr'><em>secundum</em></span> <span class='ocrx_word' id='word_1_155' title='bbox 1008 2103 1143 2176; x_wconf 83' lang='lat' dir='ltr'><em>regulam</em></span> <span class='ocrx_word' id='word_1_156' title='bbox 1177 2102 1327 2176; x_wconf 88' lang='lat' dir='ltr'><em>scripture</em></span> 
     </span>
     <span class='ocr_line' id='line_1_20' title="bbox 343 2189 1328 2265; baseline 0.001 -20"><span class='ocrx_word' id='word_1_157' title='bbox 343 2208 438 2262; x_wconf 86' lang='lat' dir='ltr'><em>sacre,</em></span> <span class='ocrx_word' id='word_1_158' title='bbox 477 2203 507 2247; x_wconf 91' lang='lat' dir='ltr'><em>et</em></span> <span class='ocrx_word' id='word_1_159' title='bbox 529 2190 653 2264; x_wconf 84' lang='lat' dir='ltr'><em>quidam</em></span> <span class='ocrx_word' id='word_1_160' title='bbox 687 2189 847 2247; x_wconf 89' lang='lat' dir='ltr'><em>inmiscent</em></span> <span class='ocrx_word' id='word_1_161' title='bbox 871 2189 1035 2265; x_wconf 88' lang='lat' dir='ltr'><em>ypocrisim</em></span> <span class='ocrx_word' id='word_1_162' title='bbox 1057 2191 1103 2247; x_wconf 89' lang='lat' dir='ltr'><em>vel</em></span> <span class='ocrx_word' id='word_1_163' title='bbox 1120 2203 1244 2265; x_wconf 89' lang='lat' dir='ltr'><em>peccatu</em></span> <span class='ocrx_word' id='word_1_164' title='bbox 1268 2189 1328 2246; x_wconf 89' lang='lat' dir='ltr'><em>alia</em></span> 
     </span>
     <span class='ocr_line' id='line_1_21' title="bbox 344 2276 1374 2352; baseline -0.003 -19"><span class='ocrx_word' id='word_1_165' title='bbox 344 2276 442 2334; x_wconf 81' lang='lat' dir='ltr'><em>finalis</em></span> <span class='ocrx_word' id='word_1_166' title='bbox 466 2277 692 2352; x_wconf 87' lang='lat' dir='ltr'><em>impenitencie,</em></span> <span class='ocrx_word' id='word_1_167' title='bbox 728 2291 756 2334; x_wconf 92' lang='lat' dir='ltr'><em>et</em></span> <span class='ocrx_word' id='word_1_168' title='bbox 781 2277 871 2351; x_wconf 88' lang='lat' dir='ltr'><em>primi</em></span> <span class='ocrx_word' id='word_1_169' title='bbox 904 2292 1097 2335; x_wconf 87' lang='lat' dir='ltr'><em>assumentur</em></span> <span class='ocrx_word' id='word_1_170' title='bbox 1129 2279 1165 2334; x_wconf 89' lang='lat' dir='ltr'><em>ad</em></span> <span class='ocrx_word' id='word_1_171' title='bbox 1200 2277 1374 2334; x_wconf 76' lang='lat' dir='ltr'><em>beatitu-ro</em></span> 
     </span>
     <span class='ocr_line' id='line_1_22' title="bbox 344 2364 1328 2440; baseline 0 -20"><span class='ocrx_word' id='word_1_172' title='bbox 344 2364 445 2420; x_wconf 88' lang='lat' dir='ltr'><em>dinem</em></span> <span class='ocrx_word' id='word_1_173' title='bbox 480 2378 508 2421; x_wconf 90' lang='lat' dir='ltr'><em>et</em></span> <span class='ocrx_word' id='word_1_174' title='bbox 532 2364 583 2422; x_wconf 90' lang='lat' dir='ltr'><em>alii</em></span> <span class='ocrx_word' id='word_1_175' title='bbox 607 2367 644 2422; x_wconf 87' lang='lat' dir='ltr'><em>ad</em></span> <span class='ocrx_word' id='word_1_176' title='bbox 669 2364 921 2439; x_wconf 83' lang='lat' dir='ltr'><em>dampnacionem</em></span> <span class='ocrx_word' id='word_1_177' title='bbox 953 2378 1132 2440; x_wconf 84' lang='lat' dir='ltr'><em>perpetuam</em></span> <span class='ocrx_word' id='word_1_178' title='bbox 1157 2364 1328 2439; x_wconf 89' lang='lat' dir='ltr'><em>relinquen-</em></span> 
     </span>
     <span class='ocr_line' id='line_1_23' title="bbox 344 2451 1328 2527; baseline -0.001 -19"><span class='ocrx_word' id='word_1_179' title='bbox 344 2465 404 2511; x_wconf 89' lang='lat' dir='ltr'><em>tur.</em></span> <span class='ocrx_word' id='word_1_180' title='bbox 440 2454 573 2527; x_wconf 86' lang='lat' dir='ltr'><em>Uterque</em></span> <span class='ocrx_word' id='word_1_181' title='bbox 597 2465 698 2509; x_wconf 89' lang='lat' dir='ltr'><em>tamen</em></span> <span class='ocrx_word' id='word_1_182' title='bbox 723 2466 818 2509; x_wconf 85' lang='lat' dir='ltr'><em>status</em></span> <span class='ocrx_word' id='word_1_183' title='bbox 843 2467 886 2508; x_wconf 86' lang='lat' dir='ltr'><em>est</em></span> <span class='ocrx_word' id='word_1_184' title='bbox 909 2452 981 2509; x_wconf 89' lang='lat' dir='ltr'><em>satis</em></span> <span class='ocrx_word' id='word_1_185' title='bbox 1005 2451 1166 2510; x_wconf 84' lang='lat' dir='ltr'><em>laudabilis</em></span> <span class='ocrx_word' id='word_1_186' title='bbox 1190 2451 1214 2507; x_wconf 86' lang='lat' dir='ltr'><em>si</em></span> <span class='ocrx_word' id='word_1_187' title='bbox 1239 2451 1328 2508; x_wconf 88' lang='lat' dir='ltr'><em>fuerit</em></span> 
     </span>
     <span class='ocr_line' id='line_1_24' title="bbox 344 2536 951 2614; baseline 0.008 -19"><span class='ocrx_word' id='word_1_188' title='bbox 344 2536 375 2595; x_wconf 91' lang='lat' dir='ltr'><em>in</em></span> <span class='ocrx_word' id='word_1_189' title='bbox 399 2538 524 2597; x_wconf 84' lang='lat' dir='ltr'><em>veritate</em></span> <span class='ocrx_word' id='word_1_190' title='bbox 547 2539 720 2614; x_wconf 83' lang='lat' dir='ltr'><em>evangelica</em></span> <span class='ocrx_word' id='word_1_191' title='bbox 745 2553 951 2600; x_wconf 86' lang='lat' dir='ltr'><em>consumatus.</em></span> 
     </span>
     <span class='ocr_line' id='line_1_25' title="bbox 388 2625 1328 2701; baseline -0.001 -18"><span class='ocrx_word' id='word_1_192' title='bbox 388 2626 536 2701; x_wconf 84' lang='lat' dir='ltr'><em>Exprimit</em></span> <span class='ocrx_word' id='word_1_193' title='bbox 574 2641 674 2684; x_wconf 91' lang='lat' dir='ltr'><em>autem</em></span> <span class='ocrx_word' id='word_1_194' title='bbox 707 2625 893 2701; x_wconf 84' lang='lat' dir='ltr'><em>evangelium</em></span> <span class='ocrx_word' id='word_1_195' title='bbox 928 2640 1040 2684; x_wconf 89' lang='lat' dir='ltr'><em>statum</em></span> <span class='ocrx_word' id='word_1_196' title='bbox 1064 2628 1230 2684; x_wconf 89' lang='lat' dir='ltr'><em>secundum</em></span> <span class='ocrx_word' id='word_1_197' title='bbox 1255 2625 1328 2683; x_wconf 90' lang='lat' dir='ltr'><em>acti-</em></span> 
     </span>
     <span class='ocr_line' id='line_1_26' title="bbox 344 2713 1372 2789; baseline -0.001 -20"><span class='ocrx_word' id='word_1_198' title='bbox 344 2732 450 2770; x_wconf 91' lang='lat' dir='ltr'><em>vorum</em></span> <span class='ocrx_word' id='word_1_199' title='bbox 475 2714 505 2770; x_wconf 91' lang='lat' dir='ltr'><em>in</em></span> <span class='ocrx_word' id='word_1_200' title='bbox 529 2732 637 2789; x_wconf 87' lang='lat' dir='ltr'><em>genere</em></span> <span class='ocrx_word' id='word_1_201' title='bbox 661 2713 806 2770; x_wconf 89' lang='lat' dir='ltr'><em>feminino</em></span> <span class='ocrx_word' id='word_1_202' title='bbox 834 2716 871 2770; x_wconf 91' lang='lat' dir='ltr'><em>ad</em></span> <span class='ocrx_word' id='word_1_203' title='bbox 897 2716 1101 2772; x_wconf 90' lang='lat' dir='ltr'><em>denotandum</em></span> <span class='ocrx_word' id='word_1_204' title='bbox 1127 2715 1209 2787; x_wconf 92' lang='lat' dir='ltr'><em>quod</em></span> <span class='ocrx_word' id='word_1_205' title='bbox 1234 2718 1372 2770; x_wconf 69' lang='lat' dir='ltr'><em>statusri</em></span> 
     </span>
     <span class='ocr_line' id='line_1_27' title="bbox 345 2800 1327 2876; baseline 0 -20"><span class='ocrx_word' id='word_1_206' title='bbox 345 2800 394 2857; x_wconf 85' lang='lat' dir='ltr'><em>tlte</em></span> <span class='ocrx_word' id='word_1_207' title='bbox 427 2800 637 2876; x_wconf 90' lang='lat' dir='ltr'><em>imperfeccior</em></span> <span class='ocrx_word' id='word_1_208' title='bbox 675 2816 718 2858; x_wconf 88' lang='lat' dir='ltr'><em>est</em></span> <span class='ocrx_word' id='word_1_209' title='bbox 751 2800 846 2876; x_wconf 87' lang='lat' dir='ltr'><em>priori</em></span> <span class='ocrx_word' id='word_1_210' title='bbox 878 2800 959 2858; x_wconf 89' lang='lat' dir='ltr'><em>iuxta</em></span> <span class='ocrx_word' id='word_1_211' title='bbox 992 2801 1065 2857; x_wconf 88' lang='lat' dir='ltr'><em>illud</em></span> <span class='ocrx_word' id='word_1_212' title='bbox 1096 2803 1175 2858; x_wconf 85' lang='lat' dir='ltr'><em>Luce</em></span> <span class='ocrx_word' id='word_1_213' title='bbox 1198 2802 1232 2870; x_wconf 87' lang='lat' dir='ltr'><em>X,</em></span> <span class='ocrx_word' id='word_1_214' title='bbox 1271 2818 1327 2870; x_wconf 88' lang='lat'><em>41:</em></span> 
     </span>
     <span class='ocr_line' id='line_1_28' title="bbox 344 2887 1327 2965; baseline -0.001 -23"><span class='ocrx_word' id='word_1_215' title='bbox 344 2888 477 2955; x_wconf 83' lang='lat' dir='ltr'><em>Martha,</em></span> <span class='ocrx_word' id='word_1_216' title='bbox 510 2890 641 2958; x_wconf 78' lang='lat' dir='ltr'><em>Martha,</em></span> <span class='ocrx_word' id='word_1_217' title='bbox 675 2889 800 2945; x_wconf 88' lang='lat' dir='ltr'><em>sollicito</em></span> <span class='ocrx_word' id='word_1_218' title='bbox 824 2907 854 2945; x_wconf 90' lang='lat' dir='ltr'><em>es</em></span> <span class='ocrx_word' id='word_1_219' title='bbox 877 2899 904 2945; x_wconf 89' lang='lat' dir='ltr'><em>et</em></span> <span class='ocrx_word' id='word_1_220' title='bbox 926 2889 1057 2944; x_wconf 82' lang='lat' dir='ltr'><em>turbaris</em></span> <span class='ocrx_word' id='word_1_221' title='bbox 1087 2907 1162 2965; x_wconf 76' lang='lat' dir='ltr'><em>erga</em></span> <span class='ocrx_word' id='word_1_222' title='bbox 1187 2887 1327 2963; x_wconf 90' lang='lat' dir='ltr'><em>plurima,</em></span> 
     </span>
     <span class='ocr_line' id='line_1_29' title="bbox 342 2976 1326 3051; baseline -0.003 -21"><span class='ocrx_word' id='word_1_223' title='bbox 342 2992 436 3050; x_wconf 90' lang='lat' dir='ltr'><em>porro</em></span> <span class='ocrx_word' id='word_1_224' title='bbox 469 2995 555 3031; x_wconf 88' lang='lat' dir='ltr'><em>unum</em></span> <span class='ocrx_word' id='word_1_225' title='bbox 590 2988 633 3033; x_wconf 89' lang='lat' dir='ltr'><em>est</em></span> <span class='ocrx_word' id='word_1_226' title='bbox 664 2976 869 3035; x_wconf 89' lang='lat' dir='ltr'><em>necessarium.</em></span> <span class='ocrx_word' id='word_1_227' title='bbox 908 2976 1008 3031; x_wconf 87' lang='lat' dir='ltr'><em>Maria</em></span> <span class='ocrx_word' id='word_1_228' title='bbox 1046 2976 1185 3051; x_wconf 87' lang='lat' dir='ltr'><em>optimam</em></span> <span class='ocrx_word' id='word_1_229' title='bbox 1210 2984 1326 3050; x_wconf 88' lang='lat' dir='ltr'><em>partem</em></span> 
     </span>
     <span class='ocr_line' id='line_1_30' title="bbox 344 3059 1328 3139; baseline -0.001 -23"><span class='ocrx_word' id='word_1_230' title='bbox 344 3062 443 3138; x_wconf 82' lang='lat' dir='ltr'><em>elegit,</em></span> <span class='ocrx_word' id='word_1_231' title='bbox 476 3081 529 3138; x_wconf 82' lang='lat' dir='ltr'><em>pue</em></span> <span class='ocrx_word' id='word_1_232' title='bbox 561 3081 616 3119; x_wconf 74' lang='lat' dir='ltr'><em>reon</em></span> <span class='ocrx_word' id='word_1_233' title='bbox 640 3065 795 3139; x_wconf 83' lang='lat' dir='ltr'><em>auferetur</em></span> <span class='ocrx_word' id='word_1_234' title='bbox 817 3064 853 3118; x_wconf 86' lang='lat' dir='ltr'><em>ab</em></span> <span class='ocrx_word' id='word_1_235' title='bbox 876 3081 918 3119; x_wconf 89' lang='lat' dir='ltr'><em>ea.</em></span> <span class='ocrx_word' id='word_1_236' title='bbox 959 3062 1002 3118; x_wconf 91' lang='lat' dir='ltr'><em>Illi</em></span> <span class='ocrx_word' id='word_1_237' title='bbox 1027 3075 1127 3118; x_wconf 89' lang='lat' dir='ltr'><em>autem</em></span> <span class='ocrx_word' id='word_1_238' title='bbox 1153 3060 1204 3137; x_wconf 90' lang='lat' dir='ltr'><em>qui</em></span> <span class='ocrx_word' id='word_1_239' title='bbox 1227 3059 1328 3135; x_wconf 90' lang='lat' dir='ltr'><em>quiete</em></span> 
     </span>
     <span class='ocr_line' id='line_1_31' title="bbox 346 3148 1373 3224; baseline -0.003 -20"><span class='ocrx_word' id='word_1_240' title='bbox 346 3162 374 3204; x_wconf 91' lang='lat' dir='ltr'><em>et</em></span> <span class='ocrx_word' id='word_1_241' title='bbox 397 3148 527 3206; x_wconf 87' lang='lat' dir='ltr'><em>iocunde</em></span> <span class='ocrx_word' id='word_1_242' title='bbox 544 3149 690 3224; x_wconf 82' lang='lat' dir='ltr'><em>colligunt</em></span> <span class='ocrx_word' id='word_1_243' title='bbox 712 3150 802 3207; x_wconf 86' lang='lat' dir='ltr'><em>flores</em></span> <span class='ocrx_word' id='word_1_244' title='bbox 819 3148 1089 3223; x_wconf 87' lang='lat' dir='ltr'><em>contemplacionis</em></span> <span class='ocrx_word' id='word_1_245' title='bbox 1106 3149 1247 3205; x_wconf 90' lang='lat' dir='ltr'><em>dicuntur</em></span> <span class='ocrx_word' id='word_1_246' title='bbox 1264 3164 1327 3203; x_wconf 88' lang='lat' dir='ltr'><em>esse</em></span> <span class='ocrx_word' id='word_1_247' title='bbox 1340 3153 1373 3203; x_wconf 86' lang='lat'><em>30</em></span> 
     </span>
     <span class='ocr_line' id='line_1_32' title="bbox 345 3234 1327 3311; baseline -0.001 -21"><span class='ocrx_word' id='word_1_248' title='bbox 345 3234 374 3290; x_wconf 90' lang='lat' dir='ltr'><em>in</em></span> <span class='ocrx_word' id='word_1_249' title='bbox 412 3254 485 3309; x_wconf 82' lang='lat' dir='ltr'><em>agro</em></span> <span class='ocrx_word' id='word_1_250' title='bbox 518 3237 666 3310; x_wconf 88' lang='lat' dir='ltr'><em>scripture</em></span> <span class='ocrx_word' id='word_1_251' title='bbox 698 3251 855 3311; x_wconf 84' lang='lat' dir='ltr'><em>tamquam</em></span> <span class='ocrx_word' id='word_1_252' title='bbox 883 3236 1008 3293; x_wconf 86' lang='lat' dir='ltr'><em>masculi</em></span> <span class='ocrx_word' id='word_1_253' title='bbox 1041 3236 1073 3292; x_wconf 92' lang='lat' dir='ltr'><em>in</em></span> <span class='ocrx_word' id='word_1_254' title='bbox 1097 3251 1183 3311; x_wconf 89' lang='lat' dir='ltr'><em>parte</em></span> <span class='ocrx_word' id='word_1_255' title='bbox 1211 3234 1327 3308; x_wconf 86' lang='lat' dir='ltr'><em>optima</em></span> 
     </span>
     <span class='ocr_line' id='line_1_33' title="bbox 345 3321 1327 3396; baseline 0 -19"><span class='ocrx_word' id='word_1_256' title='bbox 345 3321 482 3396; x_wconf 90' lang='lat' dir='ltr'><em>quietati.</em></span> <span class='ocrx_word' id='word_1_257' title='bbox 506 3327 571 3380; x_wconf 92' lang='lat' dir='ltr'><em>Non</em></span> <span class='ocrx_word' id='word_1_258' title='bbox 596 3327 681 3382; x_wconf 92' lang='lat' dir='ltr'><em>obest</em></span> <span class='ocrx_word' id='word_1_259' title='bbox 705 3338 806 3380; x_wconf 87' lang='lat' dir='ltr'><em>autem</em></span> <span class='ocrx_word' id='word_1_260' title='bbox 832 3326 883 3380; x_wconf 88' lang='lat' dir='ltr'><em>sed</em></span> <span class='ocrx_word' id='word_1_261' title='bbox 908 3337 1055 3379; x_wconf 88' lang='lat' dir='ltr'><em>consonat</em></span> <span class='ocrx_word' id='word_1_262' title='bbox 1083 3322 1251 3396; x_wconf 83' lang='lat' dir='ltr'><em>intelligere</em></span> <span class='ocrx_word' id='word_1_263' title='bbox 1275 3339 1327 3395; x_wconf 92' lang='lat' dir='ltr'><em>per</em></span> 
     </span>
     <span class='ocr_line' id='line_1_34' title="bbox 346 3409 1328 3485; baseline 0.001 -21"><span class='ocrx_word' id='word_1_264' title='bbox 346 3409 411 3466; x_wconf 88' lang='lat' dir='ltr'><em>illas</em></span> <span class='ocrx_word' id='word_1_265' title='bbox 435 3412 510 3466; x_wconf 88' lang='lat' dir='ltr'><em>duas</em></span> <span class='ocrx_word' id='word_1_266' title='bbox 544 3412 639 3468; x_wconf 89' lang='lat' dir='ltr'><em>molas</em></span> <span class='ocrx_word' id='word_1_267' title='bbox 668 3413 764 3485; x_wconf 86' lang='lat' dir='ltr'><em>legem</em></span> <span class='ocrx_word' id='word_1_268' title='bbox 788 3424 919 3467; x_wconf 89' lang='lat' dir='ltr'><em>veterem</em></span> <span class='ocrx_word' id='word_1_269' title='bbox 944 3424 976 3467; x_wconf 91' lang='lat' dir='ltr'><em>ut</em></span> <span class='ocrx_word' id='word_1_270' title='bbox 1012 3411 1123 3466; x_wconf 91' lang='lat' dir='ltr'><em>molam</em></span> <span class='ocrx_word' id='word_1_271' title='bbox 1158 3410 1274 3485; x_wconf 88' lang='lat' dir='ltr'><em>pigram</em></span> <span class='ocrx_word' id='word_1_272' title='bbox 1301 3421 1328 3464; x_wconf 89' lang='lat' dir='ltr'><em>et</em></span> 
     </span>
     <span class='ocr_line' id='line_1_35' title="bbox 346 3497 1328 3572; baseline -0.001 -20"><span class='ocrx_word' id='word_1_273' title='bbox 346 3497 441 3571; x_wconf 85' lang='lat' dir='ltr'><em>legem</em></span> <span class='ocrx_word' id='word_1_274' title='bbox 466 3498 566 3571; x_wconf 82' lang='lat' dir='ltr'><em>gracie</em></span> <span class='ocrx_word' id='word_1_275' title='bbox 591 3513 623 3554; x_wconf 92' lang='lat' dir='ltr'><em>ut</em></span> <span class='ocrx_word' id='word_1_276' title='bbox 648 3500 759 3555; x_wconf 92' lang='lat' dir='ltr'><em>molam</em></span> <span class='ocrx_word' id='word_1_277' title='bbox 782 3497 969 3572; x_wconf 89' lang='lat' dir='ltr'><em>superiorem</em></span> <span class='ocrx_word' id='word_1_278' title='bbox 995 3497 1121 3554; x_wconf 86' lang='lat' dir='ltr'><em>celerius</em></span> <span class='ocrx_word' id='word_1_279' title='bbox 1138 3497 1328 3554; x_wconf 87' lang='lat' dir='ltr'><em>circumduc·</em></span> 
     </span>
     <span class='ocr_line' id='line_1_36' title="bbox 345 3585 1370 3660; baseline -0.003 -21"><span class='ocrx_word' id='word_1_280' title='bbox 345 3597 418 3640; x_wconf 89' lang='lat' dir='ltr'><em>tam.</em></span> <span class='ocrx_word' id='word_1_281' title='bbox 443 3588 504 3643; x_wconf 91' lang='lat' dir='ltr'><em>Nec</em></span> <span class='ocrx_word' id='word_1_282' title='bbox 528 3600 676 3660; x_wconf 79' lang='lat' dir='ltr'><em>repugnat</em></span> <span class='ocrx_word' id='word_1_283' title='bbox 700 3585 868 3659; x_wconf 78' lang='lat' dir='ltr'><em>intelligere</em></span> <span class='ocrx_word' id='word_1_284' title='bbox 885 3603 938 3659; x_wconf 87' lang='lat' dir='ltr'><em>per</em></span> <span class='ocrx_word' id='word_1_285' title='bbox 962 3585 1028 3641; x_wconf 89' lang='lat' dir='ltr'><em>illas</em></span> <span class='ocrx_word' id='word_1_286' title='bbox 1052 3587 1127 3641; x_wconf 87' lang='lat' dir='ltr'><em>duas</em></span> <span class='ocrx_word' id='word_1_287' title='bbox 1145 3585 1251 3656; x_wconf 87' lang='lat' dir='ltr'><em>molas,</em></span> <span class='ocrx_word' id='word_1_288' title='bbox 1275 3587 1370 3657; x_wconf 77' lang='lat' dir='ltr'><em>per35</em></span> 
     </span>
     <span class='ocr_line' id='line_1_37' title="bbox 345 3672 1328 3748; baseline -0.002 -21"><span class='ocrx_word' id='word_1_289' title='bbox 345 3672 457 3729; x_wconf 90' lang='lat' dir='ltr'><em>molam</em></span> <span class='ocrx_word' id='word_1_290' title='bbox 491 3673 607 3748; x_wconf 78' lang='lat' dir='ltr'><em>pigram</em></span> <span class='ocrx_word' id='word_1_291' title='bbox 633 3672 807 3729; x_wconf 87' lang='lat' dir='ltr'><em>inferiorem</em></span> <span class='ocrx_word' id='word_1_292' title='bbox 834 3685 946 3729; x_wconf 88' lang='lat' dir='ltr'><em>statum</em></span> <span class='ocrx_word' id='word_1_293' title='bbox 971 3674 1164 3729; x_wconf 84' lang='lat' dir='ltr'><em>sublunarem</em></span> <span class='ocrx_word' id='word_1_294' title='bbox 1190 3672 1235 3727; x_wconf 86' lang='lat' dir='ltr'><em>vel</em></span> <span class='ocrx_word' id='word_1_295' title='bbox 1259 3689 1328 3743; x_wconf 89' lang='lat' dir='ltr'><em>pro-</em></span> 
     </span>
     <span class='ocr_line' id='line_1_38' title="bbox 345 3758 1328 3834; baseline -0.001 -21"><span class='ocrx_word' id='word_1_296' title='bbox 345 3758 519 3832; x_wconf 87' lang='lat' dir='ltr'><em>speritatem</em></span> <span class='ocrx_word' id='word_1_297' title='bbox 547 3762 743 3832; x_wconf 88' lang='lat' dir='ltr'><em>mundanam,</em></span> <span class='ocrx_word' id='word_1_298' title='bbox 768 3775 797 3817; x_wconf 89' lang='lat' dir='ltr'><em>et</em></span> <span class='ocrx_word' id='word_1_299' title='bbox 821 3779 874 3833; x_wconf 90' lang='lat' dir='ltr'><em>per</em></span> <span class='ocrx_word' id='word_1_300' title='bbox 903 3759 1014 3816; x_wconf 90' lang='lat' dir='ltr'><em>molam</em></span> <span class='ocrx_word' id='word_1_301' title='bbox 1045 3759 1232 3834; x_wconf 85' lang='lat' dir='ltr'><em>superiorem</em></span> <span class='ocrx_word' id='word_1_302' title='bbox 1257 3776 1328 3813; x_wconf 88' lang='lat' dir='ltr'><em>con-</em></span> 
     </span>
     <span class='ocr_line' id='line_1_39' title="bbox 345 3843 1327 3921; baseline -0.003 -20"><span class='ocrx_word' id='word_1_303' title='bbox 345 3845 565 3903; x_wconf 86' lang='lat' dir='ltr'><em>sideracionem</em></span> <span class='ocrx_word' id='word_1_304' title='bbox 605 3849 642 3903; x_wconf 89' lang='lat' dir='ltr'><em>de</em></span> <span class='ocrx_word' id='word_1_305' title='bbox 674 3861 754 3903; x_wconf 86' lang='lat' dir='ltr'><em>statu</em></span> <span class='ocrx_word' id='word_1_306' title='bbox 779 3846 975 3903; x_wconf 87' lang='lat' dir='ltr'><em>beatitudinis</em></span> <span class='ocrx_word' id='word_1_307' title='bbox 999 3865 1092 3921; x_wconf 71' lang='lat' dir='ltr'><em>fquem</em></span> <span class='ocrx_word' id='word_1_308' title='bbox 1126 3845 1265 3902; x_wconf 90' lang='lat' dir='ltr'><em>homines</em></span> <span class='ocrx_word' id='word_1_309' title='bbox 1297 3843 1327 3898; x_wconf 93' lang='lat' dir='ltr'><em>in</em></span> 
     </span>
    </p>
   </div>
   <div class='ocr_carea' id='block_1_3' title="bbox 345 3931 1329 4008">
    <p class='ocr_par' dir='ltr' id='par_1_3' title="bbox 345 3931 1329 4008">
     <span class='ocr_line' id='line_1_40' title="bbox 345 3931 1329 4008; baseline -0.003 -20"><span class='ocrx_word' id='word_1_310' title='bbox 345 3933 443 4006; x_wconf 88' lang='lat' dir='ltr'><em>patria</em></span> <span class='ocrx_word' id='word_1_311' title='bbox 467 3932 673 4008; x_wconf 87' lang='lat' dir='ltr'><em>possidebunt.</em></span> <span class='ocrx_word' id='word_1_312' title='bbox 698 3936 753 3991; x_wconf 90' lang='lat' dir='ltr'><em>Per</em></span> <span class='ocrx_word' id='word_1_313' title='bbox 778 3935 831 3991; x_wconf 89' lang='lat' dir='ltr'><em>has</em></span> <span class='ocrx_word' id='word_1_314' title='bbox 847 3947 948 3991; x_wconf 89' lang='lat' dir='ltr'><em>autem</em></span> <span class='ocrx_word' id='word_1_315' title='bbox 975 3935 1049 3990; x_wconf 83' lang='lat' dir='ltr'><em>duas</em></span> <span class='ocrx_word' id='word_1_316' title='bbox 1067 3931 1329 3991; x_wconf 86' lang='lat' dir='ltr'><em>consideraciones</em></span> 
     </span>
    </p>
   </div>
   <div class='ocr_carea' id='block_1_4' title="bbox 346 4189 1329 4288">
    <p class='ocr_par' dir='ltr' id='par_1_4' title="bbox 346 4189 1329 4288">
     <span class='ocr_line' id='line_1_41' title="bbox 398 4189 1329 4249; baseline -0.003 -16"><span class='ocrx_word' id='word_1_317' title='bbox 398 4203 413 4233; x_wconf 87' lang='lat' dir='ltr'><em>t.</em></span> <span class='ocrx_word' id='word_1_318' title='bbox 428 4193 449 4234; x_wconf 84' lang='grc' dir='ltr'>Α</span> <span class='ocrx_word' id='word_1_319' title='bbox 464 4191 486 4233; x_wconf 82' lang='grc' dir='ltr'><em>ιιι</em></span> <span class='ocrx_word' id='word_1_320' title='bbox 503 4202 588 4246; x_wconf 52' lang='lat' dir='ltr'><em>marga</em></span> <span class='ocrx_word' id='word_1_321' title='bbox 604 4191 749 4247; x_wconf 77' lang='lat' dir='ltr'><em>leronymus.</em></span> <span class='ocrx_word' id='word_1_322' title='bbox 830 4205 854 4244; x_wconf 74' lang='lat' dir='ltr'><em>u,</em></span> <span class='ocrx_word' id='word_1_323' title='bbox 869 4193 887 4236; x_wconf 84' lang='grc'><em>5.</em></span> <span class='ocrx_word' id='word_1_324' title='bbox 904 4193 938 4235; x_wconf 80' lang='lat' dir='ltr'><em>A:</em></span> <span class='ocrx_word' id='word_1_325' title='bbox 951 4189 1058 4249; x_wconf 82' lang='lat' dir='ltr'><em>fructum</em></span> <span class='ocrx_word' id='word_1_326' title='bbox 1077 4192 1182 4234; x_wconf 84' lang='lat' dir='ltr'><em>laborum</em></span> <span class='ocrx_word' id='word_1_327' title='bbox 1201 4202 1248 4233; x_wconf 89' lang='lat' dir='ltr'><em>non</em></span> <span class='ocrx_word' id='word_1_328' title='bbox 1263 4200 1329 4245; x_wconf 81' lang='lat' dir='ltr'><em>eque.</em></span> 
     </span>
     <span class='ocr_line' id='line_1_42' title="bbox 346 4241 886 4288; baseline 0.006 -4"><span class='ocrx_word' id='word_1_329' title='bbox 346 4253 380 4285; x_wconf 86' lang='lat'><em>20.</em></span> <span class='ocrx_word' id='word_1_330' title='bbox 395 4245 429 4285; x_wconf 77' lang='lat' dir='ltr'><em>A:</em></span> <span class='ocrx_word' id='word_1_331' title='bbox 444 4248 582 4286; x_wconf 83' lang='lat' dir='ltr'><em>assumetur.</em></span> <span class='ocrx_word' id='word_1_332' title='bbox 642 4241 674 4287; x_wconf 84' lang='lat'><em>35.</em></span> <span class='ocrx_word' id='word_1_333' title='bbox 690 4246 724 4286; x_wconf 82' lang='lat' dir='ltr'><em>A:</em></span> <span class='ocrx_word' id='word_1_334' title='bbox 740 4245 799 4287; x_wconf 82' lang='lat' dir='ltr'><em>duas</em></span> <span class='ocrx_word' id='word_1_335' title='bbox 814 4244 886 4288; x_wconf 82' lang='lat' dir='ltr'><em>deest.</em></span> 
     </span>
    </p>
   </div>
   <div class='ocr_carea' id='block_1_5' title="bbox 401 4387 946 4454">
    <p class='ocr_par' dir='ltr' id='par_1_5' title="bbox 401 4387 946 4454">
     <span class='ocr_line' id='line_1_43' title="bbox 401 4387 946 4454; baseline 0.002 -19"><span class='ocrx_word' id='word_1_336' title='bbox 401 4402 421 4435; x_wconf 92' lang='grc' dir='ltr'><em>ι.</em></span> <span class='ocrx_word' id='word_1_337' title='bbox 449 4387 552 4436; x_wconf 87' lang='lat' dir='ltr'><em>Comm.</em></span> <span class='ocrx_word' id='word_1_338' title='bbox 572 4389 597 4436; x_wconf 92' lang='lat' dir='ltr'><em>in</em></span> <span class='ocrx_word' id='word_1_339' title='bbox 616 4388 706 4438; x_wconf 83' lang='lat' dir='ltr'><em>Matth.</em></span> <span class='ocrx_word' id='word_1_340' title='bbox 727 4388 744 4437; x_wconf 91' lang='grc' dir='ltr'><em>Ι.</em></span> <span class='ocrx_word' id='word_1_341' title='bbox 764 4404 785 4439; x_wconf 90' lang='lat' dir='ltr'><em>c.</em></span> <span class='ocrx_word' id='word_1_342' title='bbox 806 4403 868 4454; x_wconf 82' lang='lat' dir='ltr'><em>pag.</em></span> <span class='ocrx_word' id='word_1_343' title='bbox 888 4402 946 4437; x_wconf 83' lang='lat'><em>200.</em></span> 
     </span>
    </p>
   </div>
   <div class='ocr_carea' id='block_1_6' title="bbox 0 0 1560 5130">
    <p class='ocr_par' dir='ltr' id='par_1_6' title="bbox 0 0 1560 5130">
     <span class='ocr_line' id='line_1_44' title="bbox 0 0 1560 5130; baseline 0 0"><span class='ocrx_word' id='word_1_344' title='bbox 0 0 1560 5130; x_wconf 95' lang='lat' dir='ltr'><em> </em></span> 
     </span>
    </p>
   </div>
  </div>
 </body>
</html>
