3098 5130
619 537 893 590 lN'l'RODUC'l'lON.

108 706 274 762 leccionem
298 717 329 760 et
359 702 479 760 mandat
510 704 574 759 eius
601 701 734 758 intellec·

109 812 235 868 cionem.
266 810 342 880 Quis
359 827 433 883 ergo
456 807 552 865 fidelis
577 806 736 864 dimitteret

110 915 195 970 istam
219 912 286 970 talis
309 913 437 970 mandati
454 913 564 970 domini
587 914 657 970 tanti
680 913 734 968 im-

111 1019 296 1094 plecionem?
326 1017 400 1075 ideo
429 1037 494 1074 cum
518 1021 736 1091 protestatione

108 1126 256 1195 premissa
266 1125 341 1190 dico,
360 1135 474 1200 utsepe
485 1123 569 1195 alias,
587 1134 735 1198 tamquam

112 1228 198 1284 michi
231 1227 400 1304 probabile,
434 1228 515 1305 quod
545 1228 659 1286 Cristus
691 1230 734 1284 in·

112 1330 217 1405 telligit
238 1351 295 1409 per
317 1333 374 1390 hec
405 1333 501 1391 verba
533 1353 643 1410 papam
671 1335 735 1389 sive

112 1436 278 1493 Romanum
293 1438 473 1514 pontificem.
497 1439 566 1515 lpse
590 1439 666 1494 enim
690 1450 737 1494 est

111 1540 195 1597 radix
218 1543 314 1598 tocius
337 1543 423 1600 huius
445 1543 569 1609 malicie,
594 1563 659 1600 cum
682 1545 735 1598 im·

112 1644 274 1703 mediacius
307 1667 325 1703 a
356 1648 482 1723 sequela
505 1647 614 1705 Christi
642 1649 736 1722 dege·

112 1762 207 1808 nerat.
244 1752 315 1828 lpse
349 1754 424 1809 enim
454 1765 501 1809 est
528 1753 736 1810 abhominacio

113 1853 314 1912 desolacionis
346 1859 375 1913 in
407 1856 572 1927 abstracto,
612 1879 676 1915 cum
701 1878 737 1916 ex

113 1979 168 2016 sua
191 1963 312 2037 antiqua
327 1963 451 2031 malicia,
475 1965 514 2019 sit
534 1965 562 2020 in
586 1966 737 2040 perversi-

113 2076 174 2121 tate
203 2065 315 2122 diaboli
347 2067 510 2127 induratus.
553 2070 608 2126 Est
639 2082 736 2126 autem

116 2168 336 2239 abhominacio,
388 2173 458 2247 quia
506 2173 583 2229 sicut
625 2175 736 2230 veritas

116 2292 174 2348 que
206 2287 253 2330 est
284 2275 451 2350 adequacio
485 2279 527 2333 rei
551 2277 588 2333 ad
613 2279 736 2354 primum

114 2377 301 2447 intellectum,
327 2391 373 2436 est
395 2399 507 2437 summe
532 2382 736 2450 consolabilis,

115 2483 159 2539 sic
174 2483 360 2540 mendacium
376 2503 468 2561 super
492 2485 596 2542 eadem
612 2488 737 2544 veritate

116 2587 144 2642 in
167 2586 286 2643 homine
318 2587 449 2662 fingente
473 2608 507 2646 se
535 2610 604 2647 esse
628 2590 736 2648 Christi

115 2693 265 2760 vicarium,
286 2693 394 2749 nedum
411 2706 457 2750 est
471 2714 583 2751 summe
601 2695 736 2752 abhomi-

115 2794 223 2863 nabile,
241 2796 294 2853 sed
306 2796 515 2855 abhominacio
531 2801 561 2856 in
571 2799 736 2858 abstracto.

116 2898 155 2954 Et
192 2899 262 2974 quid
297 2913 399 2978 potest
435 2922 504 2960 esse
543 2903 737 2961 desolabilius

116 3004 231 3060 miseris
263 3007 327 3062 sine
363 3010 560 3084 proteccione
591 3009 738 3067 viantibus

116 3128 204 3184 quarn
227 3110 330 3168 videre
362 3113 421 3169 tale
444 3126 534 3190 caput
560 3113 682 3189 dyaboli
705 3133 739 3171 se

117 3231 187 3270 esse
218 3215 329 3271 vicarie
365 3230 466 3294 caput,
505 3218 587 3293 quod
625 3219 739 3275 Cristus

118 3330 164 3374 est
195 3339 308 3376 summe
340 3321 526 3379 consolabile
558 3323 742 3380 mendaciter

119 3423 336 3498 confingendo?
368 3427 433 3483 Hec
467 3447 542 3502 ergo
571 3442 617 3486 est
643 3427 740 3485 ahho-

119 3529 245 3585 minacio
284 3529 487 3589 desolacionis
523 3535 552 3589 in
586 3532 740 3590 abstracto

118 3651 207 3707 quam
230 3633 336 3691 Daniel
358 3637 556 3712 prophetavit.
579 3638 617 3693 Et
640 3656 741 3694 manu-

119 3738 186 3794 duci
209 3754 337 3816 possunt
368 3741 473 3797 stdeles
505 3743 534 3799 in
562 3761 741 3799 consensum

117 3846 201 3901 istius
233 3846 385 3901 sentencie
418 3866 473 3922 per
505 3848 679 3924 exemplum,
712 3860 744 3903 ut

118 3951 143 4006 si
172 3952 238 4026 quis
271 3952 386 4027 hospes
420 3951 541 4009 solebat
571 3954 600 4009 in
621 3952 742 4029 donum

119 4056 204 4111 unius
228 4057 346 4133 patroni
371 4075 521 4133 prospere
544 4057 689 4134 hospitari
714 4071 744 4114 et

120 4160 265 4216 succedet
291 4163 319 4217 in
353 4160 423 4219 loco
456 4163 500 4218 sui
528 4175 669 4236 tyrannus
694 4163 742 4237 qui

120 4276 228 4320 tractet
250 4268 401 4340 tyrannice
424 4267 560 4344 hospites
577 4268 605 4322 in
621 4267 670 4323 illo
687 4267 743 4322 ho·

120 4372 216 4448 spicio
240 4374 441 4449 hospitantes:
473 4375 580 4432 Nonne
611 4373 745 4432 dicerent

121 4477 159 4534 de
191 4476 240 4534 illo
273 4490 359 4554 patre
397 4477 529 4547 familias,
576 4479 659 4554 quod
699 4492 745 4535 est

1296 526 1409 584 XXVII

786 701 952 759 leccionem
984 715 1014 757 et
1044 701 1164 758 mandat
1187 702 1249 758 eius
1276 701 1409 758 intellec·

787 808 913 863 cionem.
938 807 1014 877 Quis
1035 825 1110 880 ergo
1134 806 1229 863 fidelis
1254 807 1412 863 dimitteret

787 913 871 969 istam
896 913 961 969 talis
982 912 1110 969 mandati
1134 914 1205 969 tanti
1226 911 1335 969 domini
1358 913 1410 968 im·

788 1017 971 1093 plecionem?
1001 1017 1074 1074 Ideo
1099 1036 1164 1073 eum
1186 1018 1412 1094 protestacione

788 1122 936 1198 premissa
958 1122 1028 1179 dicit
1047 1122 1199 1199 predictus
1218 1122 1314 1179 fidelis
1337 1133 1412 1178 tam·

788 1245 876 1301 quam
900 1226 957 1284 sibi
981 1227 1152 1304 probabile,
1177 1227 1259 1304 quod
1276 1226 1412 1284 Christus

788 1330 922 1406 intelligit
942 1352 997 1409 per
1019 1333 1076 1390 hec
1099 1331 1194 1390 verba
1216 1352 1325 1410 papam
1348 1332 1412 1389 sive

789 1437 953 1494 Romanum
971 1438 1149 1514 pontificem.
1174 1439 1244 1516 lpse
1267 1438 1342 1494 enim
1367 1449 1414 1493 est

789 1541 873 1599 radix
888 1544 984 1599 tocius
1001 1544 1086 1599 huius
1101 1543 1227 1610 malicie,
1249 1561 1314 1599 cum
1330 1560 1412 1597 men·

777 1645 893 1703 ‘dacius
917 1648 985 1722 (sic)
1010 1667 1028 1704 a
1051 1648 1177 1723 sequela
1193 1648 1301 1704 Christi
1318 1646 1412 1719 dege·

789 1765 883 1808 nerat.
917 1753 986 1828 lpse
1021 1754 1096 1810 enim
1128 1765 1174 1808 est
1203 1751 1412 1808 abhominacio

791 1858 994 1915 desolacionis
1025 1859 1053 1914 in
1082 1855 1247 1924 abstractu,
1287 1876 1352 1913 curn
1377 1875 1414 1912 ex

790 1982 845 2019 sua
868 1957 988 2039 antiqu'a
1013 1963 1128 2020 malicia
1151 1965 1189 2019 sit
1211 1964 1240 2019 in
1262 1963 1413 2039 perversi·

790 2079 878 2124 tatem
903 2068 1015 2125 diaboli
1038 2068 1201 2126 induratus.
1237 2068 1292 2123 Est
1315 2080 1411 2123 autem

790 2171 1010 2240 abhominacio,
1060 2173 1129 2248 quia
1171 2172 1248 2228 sicut
1292 2171 1413 2237 veritas,

791 2295 849 2352 que
873 2288 919 2333 est
951 2276 1119 2352 adequacio
1148 2277 1191 2332 rei
1224 2274 1262 2331 ad
1291 2275 1413 2350 primum

790 2381 977 2448 intellectum,
1003 2394 1049 2436 est
1071 2398 1184 2437 summe
1208 2376 1413 2444 consolabilis,

790 2487 833 2542 sic
850 2485 1034 2542 mendacium
1051 2503 1143 2561 super
1168 2484 1272 2540 eadem
1289 2482 1415 2539 veritate

790 2594 818 2648 in
835 2592 953 2646 homine
970 2591 1099 2663 fingente
1123 2608 1157 2645 se
1182 2607 1251 2645 esse
1267 2604 1409 2643 summum

791 2694 899 2751 Christi
923 2696 1073 2762 vicarium,
1103 2693 1209 2750 nedum
1234 2704 1280 2748 est
1302 2708 1415 2747 summe

791 2799 1021 2867 abhominabile,
1055 2799 1110 2856 sed
1143 2795 1352 2855 abhominaeio
1386 2794 1414 2849 in

793 2906 956 2965 abstracto.
984 2904 1022 2960 Et
1045 2903 1115 2980 quid
1143 2914 1246 2979 potest
1269 2918 1339 2957 esse
1363 2897 1414 2954 de-

792 3009 947 3067 solabilius
962 3010 1078 3066 miseris
1092 3009 1156 3064 sine
1166 3005 1362 3084 proteccione
1371 3003 1414 3060 vi·

793 3114 919 3185 antibus,
938 3133 1025 3189 quam
1044 3112 1146 3170 videre
1162 3111 1220 3167 tale
1241 3120 1332 3185 caput
1351 3106 1415 3163 dia·

792 3221 854 3278 boli
879 3221 979 3277 dicere
1011 3238 1045 3275 se
1079 3236 1148 3275 esse
1179 3217 1291 3273 vicarie
1315 3225 1414 3290 caput,

794 3325 875 3400 quod
899 3323 1034 3379 Christus
1062 3333 1109 3377 est
1130 3339 1243 3377 summe
1275 3317 1415 3375 consola-

792 3429 853 3485 bile
884 3426 1067 3484 mendaciter
1098 3423 1309 3498 confingendo.
1347 3422 1415 3477 Hoc

794 3531 864 3612 (sic)
889 3551 965 3607 ergo
990 3545 1037 3589 est
1058 3529 1267 3588 abhominacio
1294 3526 1417 3583 desola-

794 3640 888 3696 cionis
903 3639 933 3694 in
948 3636 1111 3703 abstractu,
1128 3654 1215 3710 quarn
1222 3632 1329 3689 Daniel
1344 3651 1417 3709 pro-

795 3744 936 3821 phetavit.
960 3742 998 3797 Et
1020 3740 1176 3797 manuduci
1193 3749 1321 3815 possunt
1343 3736 1416 3793 hde-

795 3850 839 3906 les
877 3850 905 3904 in
938 3865 1117 3903 consensum
1150 3846 1233 3902 istius
1265 3843 1418 3899 sentencie

795 3974 851 4031 per
880 3951 1056 4028 exemplum,
1095 3963 1126 4005 ut
1156 3951 1181 4005 si
1214 3949 1280 4024 quis
1303 3949 1418 4023 hospes

796 4058 917 4116 solebat
952 4058 981 4112 in
1023 4055 1141 4112 domum
1178 4055 1262 4109 unius
1301 4052 1417 4128 patroni

797 4183 947 4242 prospere
980 4161 1125 4237 hospitari
1159 4171 1188 4216 et
1219 4157 1363 4214 succedat
1390 4159 1418 4212 in

796 4270 866 4326 loco
896 4269 940 4325 sui
971 4279 1123 4342 tyrannus,
1158 4265 1208 4340 qui
1239 4274 1347 4319 tractet
1372 4274 1418 4336 ty·

797 4375 918 4431 rannice
934 4372 1070 4447 hospites
1093 4369 1142 4425 illo
1159 4369 1297 4445 hospicio
1315 4367 1418 4442 hospi·

797 4490 907 4534 tantes:
931 4477 1037 4532 Nonne
1054 4474 1188 4531 dicerent
1210 4467 1282 4549 (sic)
1307 4471 1344 4529 (le
1367 4470 1417 4527 illo
