3098 5130
217 494 286 537 cin.
302 480 334 563 ι]
505 500 549 548 nn
568 499 807 549 husiconisso
829 501 892 550 iso.
912 501 929 550 i.

218 659 359 715 Homines
381 672 476 715 autem
500 661 536 715 ab
560 661 643 715 inicio
666 660 760 716 creati
795 671 860 714 sunt
885 671 1011 736 propter
1038 677 1078 725 se,
1104 672 1206 735 postea

218 757 313 802 autem
345 748 513 802 sacerdotes
545 747 674 803 ordinati
704 757 771 802 sunt
799 757 926 822 propter
956 765 1014 803 vos.
1044 747 1206 822 Propterea

220 852 289 890 uero
313 845 419 889 natura
443 833 573 909 ipsorum
598 846 650 904 est,
674 833 826 889 ordinacio
853 844 948 889 autem
973 851 1074 890 eorum
1100 844 1206 889 vestra.

222 920 305 977 Unde
337 921 364 976 si
385 921 454 975 bene
477 921 616 987 vixerint,
640 939 740 977 eorum
765 931 805 976 est
830 919 954 985 lucrum,
977 921 1004 976 si
1025 921 1095 976 bene
1118 921 1205 976 docn-

194 1006 302 1076 Serint,
333 1017 469 1063 vestrum.
504 1008 632 1084 Accipite
655 1025 728 1085 ergo
751 1008 828 1082 quod
852 1019 980 1063 vestrum
1004 1019 1047 1063 est
1070 1018 1097 1063 et
1120 1008 1208 1062 tttrlite

219 1095 363 1151 discutere
384 1096 462 1171 quod
485 1106 528 1151 est
551 1096 687 1151 alienum.
713 1095 793 1150 Sicut
816 1094 890 1150 enim
915 1095 1082 1150 sacerdotes
1106 1095 1208 1151 docent

218 1181 308 1237 eciam
341 1181 471 1259 infideles
499 1194 626 1258 propter
640 1181 749 1259 fideles
777 1181 880 1237 melius
903 1181 1063 1237 iudicantes
1082 1193 1208 1257 propter

218 1268 307 1325 bonos
339 1269 428 1325 eciam
463 1270 557 1325 malos
583 1270 694 1345 sonere
725 1286 810 1343 quam
841 1279 967 1343 propter
999 1268 1093 1324 malos
1116 1268 1205 1324 eciam

217 1356 307 1411 bonos
330 1356 498 1433 negligere:
520 1357 563 1412 sic
578 1367 605 1411 et
622 1373 673 1411 nos
685 1366 811 1431 propter
826 1355 916 1411 bonos
931 1355 1100 1411 sacerdotes
1116 1355 1205 1411 eciam

178 1443 311 1497 ¹0malos
343 1442 492 1510 honorate,
526 1461 560 1498 ne
587 1454 715 1518 propter
756 1442 849 1497 malos
888 1442 978 1498 eciam
1020 1442 1109 1497 bonos
1140 1460 1206 1498 con·

219 1529 382 1604 tempnotis.
418 1530 527 1588 Melius
555 1541 597 1586 est
629 1530 703 1586 enim
736 1529 822 1584 malis
845 1529 919 1584 iusta
950 1540 1088 1604 prestare
1120 1547 1205 1603 quam

217 1616 298 1672 bonis
330 1617 404 1672 iusta
436 1617 619 1677 subtrahere,
654 1617 836 1691 Frequenter
867 1616 941 1671 enim
977 1626 1004 1671 et
1034 1616 1069 1671 de
1092 1615 1207 1671 homine
1226 1641 1295 1684 coos
1311 1643 1418 1696 „mg

217 1704 296 1758 nialo
329 1704 402 1759 bona
437 1703 570 1760 doctrina
599 1704 744 1779 procedit.
777 1702 855 1758 Ecce
878 1703 952 1759 enim
985 1714 1012 1758 et
1036 1702 1101 1757 vilis
1124 1713 1205 1759 terra
1217 1696 1424 1790 fflsst'bfiffilflffmsgfflss

214 1790 380 1865 preciosum
403 1809 509 1846 aurum
529 1791 679 1866 producit.
713 1789 863 1864 Numquid
888 1801 1013 1866 propter
1036 1789 1122 1845 vilem
1146 1801 1205 1845 ter·
1287 1774 1292 1788 ¹
1388 1779 1393 1788 ’

177 1875 282 1932 15ram
311 1877 477 1953 preciosum
510 1896 615 1933 aurum
639 1876 875 1952 contempnitur?
907 1877 966 1933 Sed
1001 1876 1072 1932 sicut
1101 1894 1206 1931 aurum

216 1964 337 2040 eligitur
368 1975 396 2019 et
418 1976 500 2021 terra
530 1964 716 2039 relinquitur,
746 1964 788 2019 sic
816 1974 843 2019 et
866 1982 918 2019 ros
941 1963 1107 2019 doctrinam
1132 1963 1207 2019 acci·

212 2051 274 2125 pite
296 2062 323 2106 et
346 2069 444 2108 mores
467 2051 626 2126 relinquite.
656 2051 732 2106 Nam
757 2062 786 2106 ut
810 2049 911 2125 opibus
935 2051 1022 2106 herbe
1044 2050 1208 2106 necessarie

216 2156 271 2194 non
294 2139 424 2194 suntsed
438 2138 534 2215 flores
557 2138 714 2194 herbarum
739 2137 842 2216 (flores
863 2137 936 2193 enim
953 2137 1003 2193 ille
1017 2137 1159 2214 colligunt
1181 2148 1207 2192 et

216 2225 516 2300 herbasrelinquunt),
531 2225 572 2281 sic
582 2237 608 2281 et
615 2243 665 2281 uos
666 2225 762 2302 flores
776 2223 908 2280 doctrine
921 2224 1051 2301 colligite
1060 2236 1087 2280 et
1100 2224 1207 2278 malam

174 2326 207 2360 20
216 2313 468 2368 conversacionem
493 2312 655 2388 relinquite,
678 2323 709 2367 ut
731 2312 815 2386 quasi
838 2310 947 2366 inutilis
970 2310 1059 2366 herba
1081 2321 1204 2366 arescat.

216 2398 318 2454 Fidem
340 2400 495 2474 predicant
521 2411 549 2455 et
571 2398 728 2475 infideliter
749 2408 851 2475 agunt,
870 2415 975 2471 pacem
998 2397 1065 2453 aliis
1088 2398 1158 2453 dant
1180 2408 1206 2452 et

216 2485 272 2540 sibi
294 2504 349 2541 nim
374 2486 488 2555 habent,
522 2486 674 2542 ueritatem
699 2486 819 2542 laudant
843 2494 869 2539 et
893 2484 1044 2540 mendacia
1069 2483 1206 2561 diligunt,

218 2572 379 2628 avariciam
412 2573 558 2651 castigant
586 2584 613 2628 et
635 2573 794 2628 avariciam
828 2582 974 2630 exercent.
1018 2569 1093 2638 Quia
1131 2570 1208 2626 scire

217 2659 321 2714 bonum
346 2671 372 2715 ct
396 2661 505 2715 malum
529 2660 557 2714 in
581 2671 687 2715 natura
707 2659 834 2734 positum
858 2669 910 2725 est,
927 2658 1036 2732 jacere
1058 2669 1153 2714 antem
1178 2657 1205 2712 in

176 2746 207 2796 25
219 2746 375 2817 uoluntate,
400 2747 466 2802 ideo
490 2747 559 2802 bene
582 2745 681 2802 dicere
696 2745 822 2802 omnium
840 2757 892 2815 est,
909 2745 1095 2819 benefacere
1110 2755 1204 2800 autem

214 2850 387 2908 paucorum.

261 2920 338 2998 Legi
359 2921 482 2995 aliquem
506 2921 548 2976 sic
569 2920 806 2994 interpretantem
823 2919 898 2973 hunc
914 2919 1024 2974 locum:
1052 2918 1206 2986 Quoniam,

217 3006 316 3082 inquit,
348 3026 439 3083 super
470 3008 653 3076 cathedram,
677 3007 708 3062 id
731 3017 782 3075 est,
815 3006 843 3060 in
871 3007 983 3061 honore
1005 3017 1031 3061 et
1053 3006 1154 3083 gradu
1178 3005 1206 3060 in

216 3112 272 3168 quo
288 3094 395 3169 suerat
418 3094 552 3174 Moyses,
572 3094 715 3169 paulatim
739 3094 779 3148 ad
799 3093 882 3168 peius
914 3093 1036 3162 redacti,
1060 3093 1208 3149 constituti

176 3184 282 3236 susum
306 3193 407 3237 contro
431 3181 565 3237 meritum
595 3199 676 3236 suum
701 3180 795 3236 scribe
822 3191 849 3235 et
868 3179 1004 3254 pharisei
1025 3179 1141 3257 indigni
1159 3180 1208 3254 qui

218 3267 312 3345 legem
333 3268 543 3344 prophetantes
578 3269 614 3323 de
645 3267 761 3324 Christo
789 3279 910 3323 uenturo
929 3267 1123 3342 predicabant
1144 3267 1205 3341 qui-

218 3355 283 3410 dem
315 3355 392 3423 aliis,
424 3355 481 3430 ipsi
510 3367 606 3410 autem
642 3373 697 3410 uon
731 3354 907 3430 recipiebant
938 3371 1002 3409 eum
1023 3364 1207 3429 presentem:

214 3453 339 3517 propter
371 3444 425 3498 hoc
462 3442 637 3497 hortabatur
666 3442 806 3518 populum
845 3440 950 3497 audire
987 3442 1081 3518 legem
1120 3458 1205 3514 quam

214 3529 408 3603 predicabant
431 3541 458 3585 et
474 3530 590 3603 jacere,
615 3529 646 3584 id
667 3541 720 3598 est,
744 3530 866 3585 credere
889 3528 917 3582 in
937 3528 1084 3583 Christum
1106 3528 1205 3602 predi-

175 3617 312 3672 35catum
336 3635 353 3670 a
378 3616 443 3694 lege
465 3627 493 3672 et
515 3635 572 3672 non
595 3616 706 3672 imitari
727 3616 839 3672 scribas
861 3627 888 3671 et
902 3614 1058 3690 phariseos
1074 3615 1206 3669 incredu-

218 3702 262 3758 los
291 3703 479 3778 predicantes
513 3703 541 3758 in
574 3703 640 3780 lege
672 3703 708 3758 de
735 3703 852 3758 Christo
876 3713 903 3757 et
926 3720 981 3757 non
1005 3703 1155 3757 credentes
1179 3701 1206 3755 in

120 3775 185 3839 404⁴
218 3807 291 3848 estin.
314 3788 318 3865 Ι
340 3791 378 3845 Et
412 3790 540 3846 reddidit
575 3808 693 3845 causam
727 3802 758 3845 ut
787 3789 858 3865 quid
877 3788 1069 3864 predicabant
1092 3789 1206 3863 quidem

218 3877 245 3931 in
278 3877 344 3954 lege
380 3877 530 3933 Christum
563 3887 715 3932 venturum
751 3888 777 3933 et
812 3895 867 3932 non
900 3876 1055 3931 credebant
1079 3875 1106 3930 in
1131 3893 1205 3935 eitun.

217 3964 282 4038 quia
307 3964 403 4019 orrnnia
435 3982 523 4039 opera
555 3982 608 4020 sua
635 3963 757 4037 jaciunt
788 3974 819 4018 ut
851 3962 1005 4018 uideantur
1042 3962 1077 4017 ab
1116 3961 1208 4017 horni-

174 4051 308 4125 40nibus.
356 4062 382 4106 et
423 4051 488 4124 quia
521 4069 589 4106 uere
626 4070 682 4106 non
722 4049 914 4125 predicabant
952 4048 1100 4104 Christum
1140 4066 1205 4103 uen-

269 4277 282 4318 8
306 4278 339 4320 A:
355 4283 377 4320 et
390 4278 481 4325 ntttlos:
495 4278 527 4319 ib.
543 4279 575 4320 A:
591 4279 663 4319 eciam
678 4282 707 4319 cl.
741 4291 767 4322 ιι.
787 4280 820 4320 A:
836 4277 896 4319 enim
911 4276 986 4323 deest:
1003 4274 1093 4319 codo:
1110 4276 1206 4317 iniusta.

219 4329 251 4375 iti,
267 4341 297 4377 ¹5·
314 4331 341 4370 ll:
361 4331 496 4383 suscipite-s:
516 4328 604 4372 codd:
625 4331 686 4371 cuim
705 4330 745 4372 illc
763 4331 834 4372 deest.
922 4341 954 4374 m.
975 4330 1009 4370 h:
1031 4329 1115 4369 malum
1135 4328 1206 4368 deest.

219 4380 250 4420 21³.
267 4381 295 4421 n:
312 4382 367 4434 qnia
383 4384 466 4435 igitur.
547 4384 581 4423 28.
602 4382 634 4423 A:
656 4382 692 4423 uel
711 4383 797 4434 gradu.
880 4379 908 4422 31.
929 4381 958 4421 u:
982 4382 1058 4435 legem
1070 4379 1206 4434 probantes.

219 4430 252 4484 37.
270 4433 298 4473 B:
315 4433 344 4474 lz't
358 4434 444 4475 reddit.

1072 4489 1106 4535 q*
