3098 5130
206 507 273 550 ων.
295 492 368 574 x1v-]
480 512 524 560 m:
545 509 781 559 nunculium)
804 511 866 559 uns.
888 512 903 557 l.
1373 505 1404 556 51

206 673 254 729 Sic
286 672 360 727 enim
396 682 422 726 et
459 671 544 726 modo
571 664 636 746 fit.'
656 670 732 726 Ecce
764 670 837 726 onim
873 672 1033 746 episcopus,
1065 673 1091 728 si
1115 673 1192 728 dcbi-
1226 688 1257 729 ευ
1272 687 1288 727 n
1304 687 1323 729 is
1339 686 1393 746 suh

208 773 267 816 tum
301 758 421 815 lionoris
454 777 510 813 non
533 758 677 834 acceperit
708 777 725 812 a
754 759 934 837 presbytero
962 770 1012 814 aut
1031 761 1194 839 presbyter
1204 739 1301 782 modern
1318 746 1411 793 ΡΜ·

205 868 222 904 a
246 847 367 903 diacono
390 857 441 902 aut
465 845 604 903 diaconus
626 864 643 900 a
669 845 787 916 lectore,
822 846 961 902 irascitur
992 858 1019 902 et
1047 849 1193 903 turbatur.

207 935 239 991 Si
260 945 356 991 autem
381 933 486 989 uiderit
509 945 559 989 aut
583 933 734 1009 episcopus
753 934 965 1012 presbyterum
989 945 1039 989 aut
1065 936 1194 1014 presby-

181 1025 250 1080 5ter
273 1022 426 1078 diaconum
437 1020 517 1077 circa
533 1021 652 1077 ecclesie
666 1021 829 1096 obsequium
842 1039 897 1076 non
908 1033 1128 1097 permanentem
1145 1033 1195 1077 aut

205 1111 279 1167 alias
292 1121 447 1185 peccantes
463 1108 490 1164 in
506 1108 601 1164 Deum
618 1126 706 1183 neque
721 1107 890 1164 irascuntur
906 1109 947 1164 eis
969 1127 1058 1184 neque
1081 1121 1194 1179 curant,

206 1198 272 1273 quia
296 1214 394 1252 omnes
417 1196 532 1271 quidem
557 1195 592 1250 de
607 1213 659 1251 suo
676 1195 786 1251 honore
800 1205 867 1250 sunt
882 1196 1009 1268 solliciti,
1034 1197 1070 1252 de
1086 1198 1196 1252 honore

208 1285 265 1341 Dei
286 1285 391 1341 nullus.
431 1283 470 1338 Et
490 1283 645 1358 porciones
668 1283 787 1357 quisque
814 1301 883 1338 suas
909 1283 1065 1339 secundum
1099 1284 1195 1361 digni-

207 1384 281 1428 tates
302 1389 371 1428 suas
395 1370 555 1448 vigilanter
588 1370 730 1446 aspiciunt
754 1381 781 1425 et
805 1370 963 1445 defendunt
986 1382 1012 1426 et
1036 1371 1194 1427 secundum

168 1459 380 1537 10dignitatem
404 1476 486 1514 suam
511 1476 612 1514 curam
637 1456 804 1532 impendere
826 1458 905 1514 circa
922 1458 1086 1533 obsequium
1106 1459 1195 1515 eccle-

207 1548 248 1602 sie
280 1564 334 1602 non
367 1546 526 1601 attendunt.
567 1545 600 1599 Si
626 1545 754 1621 populus
790 1544 918 1601 decimas
956 1564 1010 1601 non
1050 1546 1196 1615 obtulerit,

208 1643 394 1689 murmurant
430 1651 529 1688 omues
561 1644 588 1687 et
621 1632 648 1688 si
679 1643 848 1708 peccantem
883 1633 1025 1708 populum
1062 1633 1196 1702 viderim,

207 1740 289 1777 izemo
313 1730 481 1776 murmurat
508 1731 610 1775 contra
638 1737 696 1777 eos,
735 1719 829 1787 Quam
859 1719 1060 1795 compendiose
1088 1721 1116 1776 in
1141 1720 1196 1776 hiis

207 1809 300 1864 tribus
322 1808 494 1882 complexus
517 1818 559 1863 est
582 1817 609 1863 et
633 1806 814 1862 condiciones
843 1806 989 1862 hominum
1018 1819 1044 1862 et
1074 1826 1127 1882 que
1150 1826 1197 1863 ne-

168 1896 335 1953 15cessaria
381 1895 543 1951 hominibus
587 1906 653 1949 sunt
699 1895 738 1949 ad
775 1893 925 1951 salutem.9
978 1894 1085 1951 Omnes
1122 1897 1195 1951 enim

208 1984 338 2039 homines
360 1994 411 2037 aut
434 1982 543 2038 iudices
564 1993 631 2037 sunt
653 1992 702 2036 aut
725 1981 854 2053 iudicati,
876 1980 937 2037 sive
951 1981 1120 2057 spirituales
1136 1983 1197 2039 siue

209 2069 379 2126 mundiales.
404 2069 444 2125 Et
467 2068 598 2125 omuibus
619 2068 802 2146 generaliter
817 2080 877 2124 tam
894 2068 1034 2126 iudicibus
1051 2088 1136 2144 quam
1153 2070 1197 2126 bis

208 2159 257 2233 qui
278 2157 444 2213 iudicantur
468 2157 524 2212 dcco
549 2158 600 2212 hec
624 2157 786 2212 necessaria
810 2166 876 2211 sunt
904 2156 944 2210 ad
966 2157 1100 2227 salutem,
1116 2156 1197 2233 fides

210 2264 277 2301 uera
302 2256 328 2300 et
352 2262 442 2319 opera
466 2245 548 2300 bona.
574 2243 683 2299 Dicens
706 2261 779 2320 ergo
803 2242 950 2312 iudicium,
975 2244 1070 2320 tetigit
1086 2245 1199 2319 eosqui

166 2333 346 2402 soiudicant,
378 2332 439 2387 siue
471 2331 634 2387 rutundiales
657 2331 764 2386 iudices
791 2330 841 2404 qui
858 2340 983 2405 presunt
1005 2332 1113 2386 tnttrzdo
1137 2331 1198 2388 siue

207 2418 375 2494 spirituales
412 2419 461 2494 qui
497 2418 648 2494 president
690 2417 817 2474 ecclesiis
845 2427 876 2471 ut
918 2417 1022 2472 iustum
1061 2418 1196 2473 iudicium

208 2507 341 2563 iudicent.
391 2505 454 2561 Hec
485 2516 528 2564 est
560 2504 633 2560 enim
669 2505 769 2579 prima
807 2504 918 2559 iusticia
951 2522 1063 2575 eorum,
1109 2516 1139 2559 ut
1173 2507 1199 2560 si

209 2612 275 2650 uere
305 2605 356 2648 aut
387 2593 495 2648 iudices
529 2592 690 2647 tnundiales
720 2592 877 2667 loquuntur
905 2590 1048 2646 iusticiam
1072 2603 1122 2646 aut
1156 2593 1197 2647 iu-

210 2681 287 2737 dices
308 2677 488 2755 spirituales
522 2680 555 2733 Si
578 2697 645 2734 uere
669 2679 826 2754 loquuntur
849 2678 991 2734 iusticiam
1016 2679 1044 2733 in
1067 2680 1197 2748 ecclesia,

167 2771 197 2820 25
206 2786 262 2844 per
294 2769 348 2824 hoc
379 2767 543 2823 ostenditur
574 2768 600 2821 si
623 2766 727 2821 iustum
760 2765 962 2834 iudicauerint,
995 2766 1105 2822 dicente
1124 2784 1198 2842 pro-

206 2856 311 2931 pheta:
343 2854 377 2908 Si
403 2873 471 2910 uere
494 2854 589 2929 utique
611 2853 753 2909 iusticiam
779 2852 937 2927 loquimini,
969 2853 1041 2909 iuste
1064 2853 1198 2929 iudicate,

208 2943 270 3020 filii
291 2941 447 2999 bominum.
482 2941 541 2996 Sed
571 2941 597 2997 si
630 2959 685 2997 non
718 2940 910 2995 iudicaverint
932 2940 1038 2996 iustum
1063 2940 1197 2996 iudicium

209 3030 236 3085 in
261 3029 392 3097 veritate,
422 3046 476 3083 non
501 3029 657 3103 loquuntur
678 3027 820 3084 iusticiam
843 3028 896 3083 sed
918 3027 945 3082 in
969 3027 1053 3083 labiis
1076 3039 1197 3083 tantum.

209 3117 317 3172 Dicens
349 3128 444 3171 autem
468 3115 570 3170 Fidem
599 3114 735 3170 admonet
758 3132 857 3170 omnes
880 3115 906 3169 in
922 3113 988 3190 fide
1012 3115 1109 3171 vivere
1132 3116 1197 3170 Dei.

168 3209 199 3258 30
210 3204 316 3260 Dicens
348 3213 376 3258 et
403 3201 641 3258 Misericordiam
666 3202 916 3258 conversacionem
941 3202 1044 3257 bonam
1069 3203 1200 3258 omnibus

207 3290 381 3367 predicavit.
407 3290 484 3344 Nam
507 3289 568 3346 sive
590 3289 765 3345 abstinencia
789 3288 909 3343 amalis
931 3289 993 3344 sive
1015 3307 1087 3365 opus
1112 3290 1199 3344 bona-

210 3396 274 3433 rum
300 3395 399 3432 rerum
420 3395 477 3452 per
501 3376 734 3433 misericordiam
758 3387 960 3432 conservatur.
992 3376 1068 3431 Nam
1093 3388 1120 3431 et
1143 3396 1198 3432 non

213 3466 320 3540 facere
343 3461 454 3521 bomini
476 3482 530 3539 que
548 3465 614 3539 pati
644 3482 699 3518 uon
724 3465 785 3519 uult
813 3475 839 3518 et
855 3464 963 3537 jacere
986 3464 1116 3536 quesibi
1138 3465 1199 3518 uielt

211 3552 293 3630 fieri,
317 3563 471 3626 utrumque
494 3551 691 3607 misericordie
714 3562 764 3606 est.

168 3641 198 3692 35
253 3640 351 3694 Duces
367 3638 427 3694 ceci
442 3638 584 3713 liquantes
599 3638 730 3706 culicem,
754 3638 896 3694 camelum
913 3648 1009 3692 autem
1026 3636 1196 3713 glucientes.

117 3727 182 3796 409⁴
215 3727 321 3782 Omnes
345 3744 419 3803 ergo
442 3726 609 3782 sacerdotes
638 3719 642 3805 Ι
672 3725 720 3798 qui
738 3736 864 3801 propter
888 3743 942 3778 non
966 3723 1077 3778 oblatas
1098 3725 1202 3799 populi

264 3975 279 4005 ι.
294 3961 337 4005 Sic
351 3963 425 4005 eclam
436 3967 458 4004 et
468 3962 536 4004 modo
544 3962 584 4016 Jit.
639 3961 657 4004 3.
673 3964 706 4004 A:
723 3966 746 4004 et
758 3961 830 4003 deest.
884 3960 903 4003 5.
919 3959 1008 4003 coda:
1023 3959 1118 4002 ecclesie
1128 3960 1199 4002 deest.

211 4014 417 4058 &Btsecundum
431 4014 502 4056 deest.
559 4013 637 4056 12-13.
654 4015 688 4056 A:
716 4017 977 4056 omnes-murmurat
991 4012 1062 4054 deest.
1124 4012 1151 4055 15.
1169 4012 1198 4054 B:

211 4067 341 4109 bominibus
356 4067 434 4109 before
448 4078 533 4109 omnes.
597 4068 628 4109 16.
645 4068 676 4108 A:
693 4071 734 4108 aut
748 4065 848 4108 iudicati
860 4065 930 4107 deest.
997 4075 1030 4106 22.
1046 4064 1115 4106 B:ut
1129 4065 1199 4107 deest.
1272 4082 1274 4086 ⁸

211 4117 243 4161 23.
265 4121 298 4161 A:
320 4119 432 4173 loquitur.
513 4120 548 4161 ab.
570 4119 598 4161 B:
619 4123 682 4160 recte
699 4118 808 4160 iudicate.
889 4127 922 4171 27.
947 4116 975 4158 B:
991 4116 1060 4170 filios
1075 4117 1199 4159 bominum.

212 4171 238 4213 28
262 4171 408 4214 Codd.:sed
422 4171 556 4225 loquuntur.
612 4182 646 4223 ²9·
663 4172 695 4212 A:
712 4169 896 4224 insiderenire.
913 4168 1065 4211 B:cosscxit.
1120 4167 1198 4211 tun:

213 4223 270 4266 Nam
284 4224 307 4265 si
318 4224 376 4265 sita
391 4224 466 4265 malis.
526 4221 608 4265 31-32.
626 4225 660 4264 A:
677 4223 727 4266 siue
740 4233 813 4276 opere
826 4221 939 4264 bonarum
964 4232 1041 4262 rernm
1056 4221 1199 4264 abstinencia

212 4276 382 4318 misericordia.
456 4274 486 4318 [³5.
501 4277 535 4317 A:
550 4275 696 4317 dicenscect.
763 4272 797 4317 36.
823 4276 856 4316 A:
871 4284 930 4328 ergo
945 4273 1017 4315 deest.

269 4399 310 4448 27·
339 4384 436 4432 Psalm.
457 4384 534 4444 LVll,
565 4398 587 4431 2.
615 4383 646 4432 Si
675 4398 735 4434 uere
763 4383 851 4447 utique
879 4381 1015 4432 iusticiam
1045 4381 1199 4444 loquimini:

216 4463 286 4504 recle
306 4453 434 4512 iudicate,
447 4453 503 4518 filii
522 4455 670 4502 hominum.

1060 4534 1096 4598 4*
