3098 5130
224 502 293 547 ctu
310 488 365 573 tu]
501 510 546 560 oe
567 509 804 562 ιιιτιειιιιιετο
826 511 891 561 uio.
910 511 939 561 11.

223 670 329 726 levabit
351 670 518 728 calcaneum
550 690 633 728 suurn
666 682 769 728 contra
803 689 856 727 me.
890 672 991 744 Amen,
1023 674 1114 730 Amen
1147 673 1211 730 dico

227 757 315 828 uobis,
336 759 509 833 priusquam
524 759 594 835 fiat,
618 769 648 813 nt
665 777 729 815 cnm
745 760 864 835 sactum
880 760 979 833 suerit
1002 761 1130 816 credatis
1146 761 1211 835 quia

223 861 278 920 ego
300 863 375 901 snm.

264 933 362 1006 Super
386 951 446 1006 quo
470 932 671 1007 Augustinus:
706 933 772 989 Hoc
796 933 860 988 ideo
885 933 970 1001 dixit,
1005 934 1070 1007 qnia
1095 935 1210 991 lauerat
1254 948 1397 991 novamne:

196 1022 209 1068 5
218 1020 308 1092 pedes
347 1019 557 1095 discipulorum
596 1020 741 1097 magister
778 1020 951 1075 humilitatis
991 1033 1017 1076 et
1057 1023 1145 1077 uerbo
1183 999 1424 1104 etchssfflffbffissnm

220 1107 366 1182 exemplo,
388 1108 442 1163 sed
468 1108 632 1183 poterimus
654 1125 688 1162 ea
712 1124 766 1181 qne
787 1119 853 1162 sunt
868 1108 1018 1163 onerosius
1040 1109 1208 1164 disserenda
1270 1111 1293 1145 ¹⁰
1309 1105 1374 1147 blm·

219 1193 281 1266 ipso
304 1195 460 1250 adiuvante
476 1195 632 1269 disserere,
647 1194 674 1250 si
696 1212 751 1249 non
775 1194 804 1249 in
820 1194 861 1250 eis
883 1212 938 1269 que
965 1195 1120 1269 manifesto
1143 1206 1209 1251 snnt

219 1279 420 1337 immoremur.
461 1283 533 1337 Cum
569 1300 643 1358 ergo
681 1281 734 1337 hec
757 1281 900 1337 Dominus
928 1283 1119 1356 premisisset‚
1158 1284 1209 1337 ad·

219 1367 328 1424 iunxit:
352 1369 417 1425 Non
441 1371 477 1424 de
509 1369 640 1425 orrznibus
664 1368 743 1424 vobis
768 1369 842 1425 dico.
875 1368 943 1445 Ego
971 1369 1031 1425 scio
1053 1388 1125 1444 qnos
1154 1371 1209 1426 ele-

179 1455 324 1531 legerim,
347 1456 402 1511 sed
425 1466 456 1510 ut
480 1456 638 1531 impleatur
659 1456 824 1531 scriptura:
851 1456 909 1522 Qui
924 1457 1081 1513 manducat
1101 1475 1207 1532 panem

218 1560 329 1597 mecum
354 1542 460 1599 levabit
491 1561 581 1618 super
604 1561 650 1598 me
673 1543 840 1599 calcaneum
864 1561 957 1600 sunm.
984 1543 1051 1599 Hoc
1073 1544 1144 1620 quid
1166 1556 1209 1599 est

216 1629 299 1684 aliud
321 1629 377 1685 nisi
407 1630 586 1686 conculcabit
617 1630 685 1685 me?
717 1631 825 1686 Notum
850 1641 893 1686 est
916 1631 1029 1704 dequo
1053 1630 1210 1706 loquatur,-

214 1715 307 1772 Jndas
345 1717 394 1773 itte
432 1718 561 1772 traditor
593 1718 653 1772 cius
684 1717 859 1794 adtingitur.
904 1717 991 1795 Ergo
1024 1718 1118 1792 ipsum
1153 1737 1208 1774 non

119 1869 124 1876 ²
214 1802 355 1880 elegerat,
379 1804 454 1859 unde
476 1805 512 1860 ab
536 1805 577 1861 eis
599 1822 670 1878 qnos
692 1804 781 1882 elegit
804 1804 858 1859 isto
880 1823 1014 1860 sermone
1036 1805 1207 1862 secernitur.

176 1895 203 1944 15
219 1890 306 1957 Quod
320 1910 396 1969 ergo
413 1892 487 1959 dico,
510 1891 613 1966 inquit:
638 1891 722 1946 Beati
737 1891 817 1947 eritis
832 1891 859 1946 si
872 1891 1010 1967 feceritis
1025 1910 1069 1963 ea,
1093 1911 1149 1948 non
1173 1893 1209 1949 de

214 1978 347 2034 omnibus
379 1978 458 2034 vobis
491 1978 564 2035 dico.
604 1978 658 2033 Est
683 1977 759 2033 inter
782 1996 834 2033 vos
857 1978 906 2052 qni
936 1997 991 2034 non
1024 1979 1081 2035 erit
1105 1980 1207 2036 beatus

214 2083 302 2139 neque
316 2065 413 2141 saciet
429 2083 471 2126 ea,
496 2064 564 2143 Ego
586 2065 646 2122 scio
662 2083 732 2139 quos
748 2065 898 2141 elegerim.
928 2066 1009 2132 Quos
1025 2066 1082 2122 nisi
1096 2067 1210 2142 eosqui

213 2152 288 2208 beati
309 2163 404 2222 erunt,
421 2153 563 2226 faciendo
587 2171 640 2226 que
660 2153 790 2228 precepit
813 2170 848 2207 ac
863 2152 1006 2225 facienda
1031 2154 1206 2209 monstrauit

213 2239 262 2312 qni
284 2239 404 2315 efficere
427 2240 526 2295 beatos
546 2240 665 2315 potest?
688 2240 754 2295 Non
771 2249 822 2306 est,
839 2238 940 2313 inquit.
965 2239 1060 2295 Judas
1076 2240 1206 2296 traditor

169 2345 202 2379 ιο
213 2326 343 2382 electus?
368 2326 448 2393 Quid
471 2337 513 2382 est
536 2345 610 2403 ergo
634 2327 712 2401 quod
734 2327 792 2381 alio
820 2326 882 2381 loco
907 2327 991 2382 dicit:
1021 2327 1122 2382 Nonne
1149 2346 1205 2405 ego

214 2430 264 2468 uos
287 2414 439 2469 duodecim
464 2413 542 2491 elegi
564 2425 591 2469 et
614 2432 687 2469 unus
714 2431 752 2468 ex
781 2413 860 2468 vobis
891 2413 1025 2469 diabolus
1057 2414 1124 2469 est?
1160 2415 1204 2469 An

212 2510 239 2554 et
248 2500 358 2575 ipsead
369 2500 480 2576 aliquid
492 2511 533 2556 est
550 2501 656 2557 electus
671 2501 710 2555 ad
724 2500 801 2574 quod
814 2501 910 2576 ntique
924 2510 988 2555 erat
1003 2501 1205 2557 necessarius?

212 2585 278 2641 Non
301 2599 398 2644 autem
422 2588 462 2642 ad
485 2588 690 2644 beatitudiuem
708 2588 744 2642 de
766 2605 821 2661 qua
839 2588 926 2643 modo
941 2588 999 2642 ait:
1024 2587 1108 2645 Beati
1123 2587 1204 2643 eritis

210 2673 236 2727 si
242 2674 379 2746 feceritis
396 2693 428 2730 ea
436 2676 452 2729 ξ)
474 2674 541 2731 Hoc
564 2693 619 2731 non
644 2676 679 2730 de
703 2674 834 2730 omuibus
851 2674 929 2732 dicit.
960 2675 1020 2729 Scit
1041 2675 1115 2730 enim
1133 2693 1204 2749 quos

117 2762 183 2828 435*
211 2760 251 2814 ad
271 2762 437 2818 societatem
458 2755 463 2842 Ι
484 2761 668 2818 beatitudinis
692 2762 776 2817 huius
800 2761 930 2839 elegerit.
958 2761 1024 2817 Non
1041 2773 1083 2817 est
1107 2779 1146 2817 ex
1163 2762 1203 2818 eis

211 2847 264 2902 iste
294 2849 343 2922 qui
368 2867 473 2924 panem
505 2849 565 2905 eius
594 2849 636 2904 sic
660 2849 771 2914 edebat,
800 2860 829 2903 nt
857 2866 946 2924 snper
978 2848 1060 2903 illum
1092 2849 1203 2904 levaret

211 2935 387 2992 calcaneum.
414 2935 461 2991 Illi
477 2936 694 2992 manducabant
706 2954 813 3010 panem
838 2936 1007 3007 Dominum,
1031 2936 1083 2991 iste
1095 2954 1201 3012 panem

211 3020 333 3078 Domini
363 3034 465 3078 contra
490 3023 659 3094 Dominum,
689 3023 734 3077 illi
766 3023 864 3095 vitam,
898 3023 951 3078 iste
984 3040 1101 3097 penam.
1145 3023 1205 3091 Qui

211 3109 286 3164 enim
311 3110 468 3166 manducat
491 3110 620 3188 indigne,
644 3110 684 3164 ait
707 3110 874 3185 Apostolus,
900 3110 1036 3165 indicium
1053 3110 1109 3166 sibi
1119 3129 1200 3165 man-

169 3201 201 3251 30
212 3196 308 3251 ducat.
334 3197 457 3268 Amodo‚
473 3197 573 3272 inquit,
587 3198 651 3254 dico
669 3198 748 3252 nobis
760 3197 1004 3274 priusquantfiat,
1022 3208 1052 3252 nt
1074 3198 1202 3254 credatis

211 3301 275 3338 cum
292 3285 410 3358 sactum
419 3285 528 3360 suerit,
544 3284 609 3358 quia
626 3303 681 3362 ego
705 3303 779 3354 sum,
803 3284 902 3354 idest,
927 3303 982 3361 ego
1004 3302 1068 3340 snm
1093 3285 1200 3359 dequo

211 3371 261 3427 illa
295 3372 444 3447 scripturn
474 3372 625 3447 precessit,
665 3371 713 3426 ubi
736 3371 843 3427 dictum
868 3383 926 3427 est:
958 3373 1017 3439 Qui
1044 3372 1200 3427 manducat

207 3476 314 3533 panem
330 3477 423 3514 meum
441 3459 547 3515 levabit
558 3477 648 3534 snper
664 3477 709 3513 me
724 3459 901 3514 calcaneum.
921 3459 984 3514 Hec
1000 3458 1198 3531 Augustinus

256 3549 295 3601 Ειι
320 3545 377 3602 isto
401 3545 557 3620 evangelio
581 3545 680 3601 notari
698 3558 839 3619 poterunt
864 3546 958 3601 multa
982 3547 1072 3615 bona,
1099 3545 1198 3618 primo
1234 3573 1395 3617 tonusmun

169 3637 198 3687 35
211 3634 367 3705 quomodo
383 3635 535 3688 lohannes
554 3651 637 3688 more
661 3652 716 3688 suo
734 3631 935 3706 limpitudinis
957 3631 1074 3689 intuens
1091 3631 1197 3687 divini·
1209 3628 1231 3666 ⁰¹
1248 3626 1363 3720 ἆξζᾞὲὲἕ,
1376 3628 1413 3669 ¹³¹²

210 3733 302 3776 tatem
328 3719 440 3775 Christi
466 3739 500 3775 nc
525 3719 588 3775 eius
606 3719 824 3776 humanitatem
844 3720 1047 3776 communiter
1069 3719 1198 3776 iurando

210 3807 344 3880 geminat
383 3806 481 3880 ipsum
507 3809 613 3862 Arnen.
654 3810 713 3862 Nec
753 3808 849 3862 solutu
876 3820 999 3862 notatur
1028 3808 1108 3879 quod
1134 3821 1195 3862 tam

260 4110 320 4183 usn
334 4132 358 4174 in
374 4143 461 4184 marga
476 4132 629 4187 Augustinus.
713 4144 744 4184 ιι,
761 4132 790 4173 lt:
805 4133 913 4174 secernit.
990 4143 1019 4186 17.
1036 4131 1064 4173 B:
1081 4131 1195 4186 eligerim.

209 4181 241 4226 23.
258 4188 293 4226 A:
310 4185 387 4227 eretis.
456 4183 487 4227 32.
504 4188 536 4226 A:
552 4185 593 4226 nbi
605 4185 677 4226 deest.
753 4183 786 4235 ἢ.
804 4186 823 4226 Λ
840 4186 861 4225 ιιι
879 4196 964 4236 murga
980 4183 1108 4226 tnnnnnes.

260 4329 285 4374 4.
309 4314 335 4359 S.
360 4312 521 4374 Augustinus
546 4311 561 4358 1.
586 4326 608 4359 c.
633 4327 690 4374 pag.
715 4309 774 4360 uon
886 4327 923 4358 10.
952 4311 1047 4359 Psalm.
1071 4311 1125 4369 nt,
1158 4327 1195 4360 ιο,

209 4382 327 4431 20.loh.
346 4383 389 4441 Vl,
410 4397 450 4445 7¹·
545 4396 585 4444 27.
606 4382 622 4428 l.
642 4381 703 4428 Cor.
723 4382 764 4441 Xl,
793 4395 832 4445 ιιι.
927 4383 966 4430 30.
986 4380 1043 4429 loh.
1062 4381 1127 4441 ΧΙΙΙ,
1158 4397 1195 4446 ιιι.

209 4453 249 4503 32.
269 4452 310 4500 Ps.
329 4452 384 4511 XL,
408 4467 446 4498 10.
