3098 5130
164 512 285 596 canu]
455 534 500 582 nr:
521 533 758 584 nurtctrnrsro
778 536 842 584 iia.
862 536 879 583 1.
1333 544 1368 598 ¹9

166 690 280 764 populi.
305 691 363 765 lpsi
388 691 466 748 enim
493 711 526 749 ex
550 707 676 767 peccato
693 694 744 750 illo
761 695 873 768 duplici
891 696 1039 751 seducunt
1056 715 1151 769 popu·
1198 707 1273 750 oseca
1289 708 1334 751 ana

165 779 238 846 lum,
273 790 301 833 et
337 798 405 835 cum
438 778 498 836 sint
530 782 670 837 doctores
703 795 732 837 et
761 783 946 855 regulatores
971 781 1074 855 populi
1098 801 1151 855 per
1184 762 1346 820 vanrgtoryor

1193 820 1260 855 nests
1274 825 1356 855 causes

165 865 243 922 viam
270 884 435 941 perquam
461 868 627 937 ambulant,
652 882 735 942 patet
759 869 924 927 conclusio.
960 872 997 926 Et
1029 870 1083 925 hec
1107 882 1150 925 est
1166 827 1194 908 ai*
1210 864 1365 960 ¹¹¹⁸,„¹}²⁰¹‘¹⁰’⁵

167 971 258 1009 causa
290 972 384 1028 quare
416 953 553 1011 Christus
586 957 722 1012 sanando
755 975 865 1030 corpus
889 975 941 1013 sue
966 956 1089 1013 ecclesie
1113 958 1151 1013 ab
1279 950 1284 959 ’

141 1041 222 1096 §hac
245 1038 388 1098 interiore
412 1055 506 1115 parte,
539 1041 654 1099 scilicet
682 1043 900 1114 sacerdotibus,
933 1043 1099 1114 inchoavit3
1128 1044 1151 1099 si

166 1140 267 1183 autem
292 1129 463 1185 sacerdotes
487 1128 517 1184 in
543 1129 699 1202 presencia
722 1144 784 1186 tam
802 1130 933 1204 potentis
951 1129 1059 1187 medici
1076 1133 1152 1187 adeo

167 1213 356 1285 resistebant,
395 1215 468 1290 quid
505 1216 614 1272 mirum
648 1216 672 1272 si
705 1219 878 1274 sacerdotes
910 1236 990 1274 nunc
1024 1218 1151 1274 multum

165 1301 310 1358 distantes
334 1304 371 1359 ab
396 1305 452 1359 hac
476 1303 615 1360 doctrina
631 1303 719 1360 huius
737 1303 846 1362 medici
864 1305 992 1360 multum
1010 1305 1153 1361 resistunt

166 1388 279 1444 salubri
312 1389 449 1446 doctrine
481 1389 590 1447 medici
616 1391 816 1462 medicorum,
850 1410 919 1448 cum
954 1406 1069 1448 certum
1109 1406 1153 1448 est

125 1478 247 1550 roquod
272 1495 377 1533 omnes
401 1476 532 1551 apostoli
555 1479 602 1534 vel
625 1479 732 1551 prelati
756 1477 850 1536 nichil
877 1479 1013 1535 fecerunt
1037 1497 1054 1534 a
1077 1493 1152 1536 tem·

165 1582 238 1638 pore
263 1564 449 1620 ascensionis
473 1564 595 1620 Domini
619 1565 649 1620 in
672 1565 760 1623 istam
779 1579 892 1623 sectam
910 1566 1070 1634 letiferam,
1095 1566 1151 1622 nisi

166 1651 196 1706 in
219 1650 329 1708 virtute
353 1651 476 1707 Domini
501 1651 584 1726 prius
608 1652 706 1726 passi?
730 1656 767 1710 Et
791 1656 845 1711 hec
869 1653 952 1710 racio
976 1672 1070 1728 quare
1086 1653 1151 1728 qui-

166 1739 235 1794 dam
262 1737 364 1795 fideles
389 1738 431 1794 ita
456 1753 544 1795 acute
567 1739 713 1796 invehunt
737 1755 841 1798 contra
865 1740 1035 1815 nequiciam
1054 1760 1151 1797 sacer·

166 1826 271 1880 dotum
306 1839 340 1882 ut
371 1828 452 1882 Deus
485 1844 518 1882 ex
550 1845 604 1883 sua
637 1828 739 1899 gracia
772 1827 843 1884 velit
877 1829 1035 1884 moderare
1064 1847 1150 1885 suam

126 1911 337 1986 15nequiciam
368 1927 395 1969 et
424 1914 571 1987 populum
600 1916 708 1970 docere
737 1914 906 1971 doctrinam
931 1914 1055 1971 Domini
1085 1915 1151 1971 imi·

166 1999 233 2056 tari.

209 2089 350 2143 Secundo
373 2086 492 2143 videtur
515 2088 594 2143 hunc
618 2102 757 2144 sanctum
782 2087 938 2145 intendere
955 2091 1035 2163 quod
1053 2108 1150 2146 sacer·
1208 2099 1324 2151 Questton

165 2176 250 2230 dotes
274 2173 424 2231 sciverant
448 2192 481 2230 ex
506 2174 564 2230 lide
587 2174 736 2248 scripture
765 2174 941 2248 prophetice
966 2178 1048 2249 quod
1065 2175 1150 2233 Chri·
1184 2150 1349 2256 ssssiffi'fflf,

165 2275 228 2317 stus
252 2260 290 2317 sit
306 2280 394 2317 verus
411 2265 491 2318 Deus
515 2274 544 2317 et
562 2279 649 2317 verus
666 2263 772 2327 homo3
798 2264 878 2335 quod
895 2262 1013 2319 videtur
1029 2254 1368 2350 quibus-¹¹¹s¹3‘‡‚¹dca'}¹¹({⁵{¹12}ssis

124 2351 235 2406 rodam
261 2347 392 2424 difficile,
418 2367 485 2404 cum
503 2347 558 2405 iste
582 2349 727 2405 articulus
744 2348 813 2404 fidei
837 2347 874 2404 sit
898 2350 983 2405 valde
1008 2349 1149 2418 difficilis,
1356 2338 1361 2348 ’

166 2451 195 2493 et
217 2434 302 2492 Judei
336 2454 430 2509 usque
463 2434 552 2492 hodie
585 2435 665 2493 istud
689 2449 810 2509 negant,
840 2449 868 2491 et
892 2436 1054 2510 Apostolus
1078 2435 1150 2493 dicit

167 2527 187 2580 l.
213 2525 298 2581 Corr.
324 2524 359 2593 ll,
383 2523 416 2580 8:
440 2522 474 2577 Si
487 2524 701 2601 cognovissent,
718 2541 862 2599 nunquam
880 2524 1037 2579 Dominum
1053 2524 1151 2601 glorie

167 2609 390 2686 crucifixissent.
425 2609 508 2666 licet
532 2624 632 2666 autem
658 2609 783 2684 quidam
809 2608 977 2683 intelligant
1010 2609 1089 2666 istud
1113 2612 1150 2665 de

166 2695 303 2769 gentibus
331 2714 389 2770 que
413 2709 537 2770 propter
561 2710 720 2770 peccatum
750 2695 900 2770 cupidinis
925 2696 1014 2753 istum
1040 2696 1150 2753 articu-

124 2784 228 2840 2filum
256 2782 324 2839 fidei
349 2783 538 2856 ignorarunt,
563 2799 667 2840 tamen
691 2784 808 2840 videtur
832 2785 913 2857 quod
937 2784 1014 2840 sicut
1038 2782 1150 2857 cupido

166 2871 232 2927 illos
266 2869 388 2938 cecavit,
412 2869 455 2926 sic
478 2890 556 2928 vana
580 2870 675 2944 gloria
699 2883 728 2926 et
751 2868 864 2927 invidia
892 2872 929 2926 de
952 2870 1149 2944 correpcione
1191 2880 1341 2940 [inocmey

165 2957 277 3015 Christi
313 2976 430 3014 cecasse
456 2958 553 3031 potuit
577 2957 735 3031 pontifices
758 2959 938 3023 iudeorum:
971 2960 1051 3014 unde
1074 2958 1149 3013 veri·
1177 2932 1344 3041 ἶζξῐξὴξᾛέῑῗῇ

165 3045 263 3101 simile
288 3059 332 3101 est
355 3045 438 3118 quod
462 3045 504 3101 illi
528 3044 687 3119 pontifices
721 3044 750 3100 in
774 3044 951 3118 particulari
974 3063 1036 3101 non
1061 3064 1150 3101 nove·

167 3147 234 3189 tant
258 3131 380 3187 Domini
404 3131 572 3203 veritatem,
596 3131 667 3205 quia
691 3131 833 3205 superbia
857 3150 961 3188 eorum
987 3146 1015 3188 et
1039 3131 1150 3188 invidia

124 3221 203 3276 3oad
228 3232 346 3276 tantum
381 3217 462 3292 ipsos
494 3232 696 3287 excecaverat,
731 3220 812 3292 quod
836 3238 897 3276 non
921 3232 1063 3293 poterant
1085 3219 1151 3275 uni·

165 3307 312 3364 versalem
345 3305 492 3363 noticiam
525 3325 615 3381 quam
652 3307 804 3362 habebant
839 3308 875 3362 de
899 3305 1056 3381 principiis
1082 3307 1151 3363 fidei

166 3395 203 3450 ad
228 3393 381 3451 Christum
406 3393 569 3450 scientifice
604 3407 632 3449 et
660 3392 883 3467 particulariter
917 3393 1078 3467 applicare.
1115 3396 1152 3449 Et

166 3480 234 3536 talis
258 3479 368 3536 cecitas
392 3493 435 3536 est
459 3480 489 3536 in
513 3479 624 3536 nostris
642 3479 835 3553 pontificibus
853 3494 881 3537 et
897 3479 1055 3554 phariseis,
1080 3479 1150 3554 quia
1189 3473 1224 3578 535⁰
1239 3484 1277 3513 are
1292 3484 1336 3513 our

167 3567 197 3625 in
222 3581 338 3623 tantum
364 3580 523 3623 creverunt
556 3567 603 3623 isti
640 3566 764 3623 heretici
789 3567 819 3623 in
844 3565 975 3624 avaricia
999 3581 1150 3640 tempora·
1174 3524 1360 3619 maiiiiiiniiiiir

124 3654 239 3710 [lilium
265 3655 347 3728 quod
370 3672 431 3710 non
455 3656 594 3710 obstante
618 3667 681 3710 tota
711 3654 849 3711 doctrina
883 3653 995 3710 Christi
1028 3653 1058 3708 in
1091 3653 1148 3709 vita
1212 3629 1326 3734 ,2ᾒῇἧὲ

168 3755 196 3798 et
219 3743 285 3815 lege
309 3742 415 3796 nolunt
439 3743 605 3797 concedere
636 3741 710 3814 quin
736 3740 777 3797 eis
801 3741 837 3796 sit
866 3740 982 3796 licitum
1008 3754 1037 3796 et
1062 3739 1149 3796 meri-

167 3829 279 3885 torium
313 3828 355 3884 sic
387 3827 563 3885 seculariter
595 3828 764 3902 temporale
788 3827 956 3883 dominium
986 3826 1150 3900 possidere.

167 3920 229 3973 Nec
262 3929 360 3991 potest
390 3915 449 3972 ista
472 3914 584 3971 heresis
608 3914 746 3972 evacuari
771 3916 809 3971 ab
839 3914 902 3970 istis
927 3913 1060 3987 perfidis,
1093 3913 1150 3970 nisi

168 4006 248 4061 Deus
272 4023 305 4060 ex
330 4020 440 4077 magna
462 4002 564 4077 gracia
588 4021 642 4058 sua
666 4001 826 4058 immiserit
843 4000 901 4056 illis
918 4000 1058 4058 timorem
1076 4014 1151 4057 tem·

123 4120 158 4167 40
168 4090 281 4165 poralis
306 4090 421 4147 brachii
446 4091 492 4146 vel
515 4089 749 4164 inspiracionem
775 4087 863 4146 aliam
889 4088 1063 4162 specialem.

221 4437 250 4476 ¹7·
273 4427 292 4467 h
315 4425 338 4467 in
363 4436 451 4476 marg:
476 4435 497 4466 a.
577 4435 610 4465 aa.
638 4425 671 4465 A:
695 4422 765 4470 Cor.;
793 4420 897 4476 sequitur
921 4421 1014 4471 lacuna;
1038 4420 1059 4463 11
1080 4419 1151 4462 deest.

170 4486 204 4530 aa.
222 4477 251 4519 ss:
268 4476 364 4520 Domini
376 4476 494 4518 aestatem.
567 4475 601 4526 34.
618 4475 649 4517 13:
663 4473 695 4516 ad
707 4479 804 4516 lautum.

1011 4548 1047 4592 ψ
