3098 5130
128 354 166 409 28
586 370 677 422 oeus
696 372 950 422 evttnomncnn
972 372 1035 421 cur.
1054 372 1096 422 tn.
1177 354 1272 439 [cnr.
1290 368 1358 415 vin.

178 539 306 601 Spiritnal
389 533 424 587 Et
448 530 543 587 tercio
568 545 665 605 potest
688 533 753 589 elici
779 552 811 589 ex
836 532 893 589 biis
917 532 1108 590 sermonibus
1131 532 1229 591 huius
1245 534 1353 593 sancti

126 596 329 687 fflffififflfio‘s'is
345 620 499 691 quomodo
532 637 603 675 sune
628 634 725 693 potest
749 619 875 693 intelligi
901 620 1089 694 evangelium
1113 620 1224 679 multis
1249 622 1352 691 locis;

344 724 413 761 nam
440 711 484 769 (ut
509 705 580 763 dicit
607 707 836 775 lincolniensis)
861 710 1029 765 secundum
1047 706 1225 765 doctrinam
1245 710 1351 785 Chry-

345 792 469 849 sostomi
495 792 524 849 in
550 795 703 865 hocloco,
728 798 851 869 quando
868 795 1006 852 Christus
1023 794 1159 870 precepit
1175 796 1348 855 hominem

344 896 482 937 vocatum
513 884 552 938 ad
577 882 703 956 nupcias
727 884 904 939 recumbere
928 882 959 939 in
982 882 1147 940 novissimo
1169 882 1254 957 loco,
1280 888 1374 943 noni

344 966 483 1041 intelligit
507 970 606 1025 locum
631 970 677 1025 vel
701 970 826 1044 nupcias
851 971 1036 1045 corporales
1066 969 1137 1046 quia
1161 984 1237 1028 tunc
1261 972 1346 1029 foret

345 1074 377 1110 ex
402 1054 541 1112 doctrina
566 1056 676 1113 Christi
713 1057 871 1114 contencio
894 1070 1083 1127 vocatorum,
1115 1058 1169 1115 sed
1191 1056 1344 1135 intelligit

344 1141 443 1199 locum
469 1143 648 1201 humilitatis
676 1144 768 1200 animi
802 1148 904 1219 quoad
932 1144 1159 1219 reputacionem
1193 1158 1224 1201 et
1260 1166 1343 1221 nup-

343 1229 414 1291 cias.
439 1250 497 1305 que
520 1245 589 1288 sunt
614 1230 692 1288 inter
717 1231 870 1289 Christum
895 1252 1041 1307 sponsum
1066 1230 1192 1290 ecclesie
1215 1246 1247 1289 et
1272 1252 1343 1291 om·

343 1336 394 1372 nes
419 1336 453 1374 ac
477 1317 610 1392 singulos
635 1319 856 1393 predestinatos
879 1321 916 1377 ad
942 1319 1081 1394 gloriam.
1357 1342 1386 1377 ιο

387 1406 423 1461 Et
447 1405 535 1462 istam
560 1406 730 1463 doctrinam
756 1420 897 1464 notarent
913 1408 1019 1483 prelati
1037 1406 1147 1483 singuli
1171 1423 1201 1467 et
1215 1408 1340 1485 specia-

343 1490 410 1547 liter
434 1494 587 1550 Romanus
621 1493 763 1567 pontifex.
798 1498 863 1569 lpse
886 1494 967 1551 enim
991 1497 1029 1552 ad
1054 1508 1171 1553 tantum
1197 1495 1339 1554 creditur

344 1580 485 1653 superbia
519 1580 677 1637 induratus
710 1584 791 1656 quod
816 1581 937 1639 Christo
960 1582 1028 1639 veni
1048 1576 1054 1662 1
1074 1596 1142 1639 ente
1174 1583 1205 1639 in
1234 1582 1338 1641 forma
1373 1574 1428 1637 ⁴⁰7⁸

343 1685 402 1739 qua
426 1666 517 1724 viavit
534 1666 582 1724 hic
599 1668 629 1724 in
647 1669 734 1725 terris
751 1688 829 1743 papa
848 1669 1064 1743 dedignaretur
1087 1672 1168 1745 quod
1193 1669 1338 1729 Christus

342 1755 458 1811 sederet
483 1755 563 1812 iuxta
592 1775 671 1821 eum,
701 1758 797 1813 multo
826 1756 998 1813 evidencius
1022 1758 1103 1831 quod
1128 1757 1237 1831 dignus
1261 1766 1383 1817 anteri

343 1840 440 1913 ipsum
474 1843 676 1899 discumberet
701 1844 746 1901 rel
771 1847 807 1900 de
831 1844 953 1900 nomine
977 1843 1070 1918 patris
1095 1844 1263 1902 beatissimi
1288 1848 1338 1903 vel

342 1927 408 1983 aliis
441 1930 638 1986 abusionibus
672 1931 768 2004 ipsum
794 1945 944 2005 argueret.
979 1933 1048 1987 ldeo
1072 1946 1186 1989 certum
1210 1931 1338 1990 ridetur

342 2034 375 2070 ex
408 2016 466 2072 lide
491 2020 572 2091 quod
598 2018 695 2074 maior
728 2038 796 2093 puers
821 2020 969 2075 factorum
996 2018 1084 2075 huius
1109 2019 1191 2076 curie
1215 2033 1262 2076 est
1286 2040 1339 2077 so·

342 2102 520 2175 pbisticacio
544 2104 729 2162 Antichristi.

724 2364 828 2427 cnr.
852 2364 951 2427 vrn.
1351 2408 1387 2443 ,υ

384 2523 528 2598 Sequitur
562 2524 591 2579 in
626 2537 704 2579 textu
729 2524 869 2580 l'latthei:
902 2524 938 2579 l⁷e
961 2534 1056 2578 utitem
1083 2521 1161 2578 robis
1184 2523 1282 2579 scribe
1306 2536 1337 2582 e!

338 2612 472 2685 plrarisei
495 2612 647 2689 ypocrite.
679 2612 745 2686 quia
778 2612 914 2667 clauditis·
947 2630 1070 2687 reguum
1104 2610 1234 2665 celorum
1263 2623 1337 2669 aute

342 2699 480 2756 lrorrtiues.
506 2699 575 2767 ll'os
602 2699 675 2755 enirn
710 2717 765 2753 unu
796 2698 911 2754 intratis
939 2717 990 2754 nee
1018 2700 1193 2754 iutrnetnrtes
1218 2696 1339 2757 intrare

142 2783 246 2825 tumme:
261 2782 312 2826 Tne
341 2785 443 2845 sinitis.
468 2790 565 2859 Super
588 2806 649 2859 quo
672 2788 863 2858 leronymus:
893 2786 1008 2840 Habent
1032 2786 1126 2841 scribe
1148 2795 1175 2839 et
1198 2784 1338 2860 pharisei

125 2836 418 2948 tsrliiiiiisiiiulegis
446 2876 715 2948 prophetarumque
753 2874 897 2928 riotieinur.
938 2873 1037 2929 Sciunt
1081 2871 1229 2927 Christum
1269 2882 1384 2932 esse25

152 2948 296 3045 knflliffie
343 2960 441 3035 filium
467 2962 533 3027 Dei,
557 2980 612 3017 nou
629 2961 769 3038 ignorant
792 2972 891 3016 uatum
908 2978 970 3017 esse
993 2962 1029 3016 de
1045 2959 1170 3037 virgine,
1192 2958 1244 3014 sed
1261 2959 1335 3017 dum

339 3048 464 3121 predum
489 3049 525 3103 de
547 3048 672 3103 subiecto
696 3048 751 3104 sibi
770 3048 854 3122 plebe
877 3058 1024 3124 appetunt,
1049 3064 1100 3102 uec
1115 3046 1172 3120 ipsi
1185 3044 1335 3103 introeun!

341 3134 369 3187 in
386 3154 479 3211 regna
503 3135 631 3191 celorum
656 3154 707 3191 nere
730 3153 778 3191 eos
800 3135 850 3210 qui
860 3147 998 3211 poteraut
1014 3136 1127 3189 intrare
1145 3132 1336 3208 permittunt,

341 3222 395 3277 lure
428 3234 478 3283 est.
512 3224 588 3297 quod
620 3223 647 3277 iu
676 3222 749 3278 Osee
777 3223 923 3297 propheta
955 3223 1057 3300 argiri!
1087 3220 1248 3278 Dominus:
1271 3220 1333 3276 Ab·

340 3310 515 3365 seonderuu!
538 3310 705 3365 sacerdotes
729 3310 815 3375 riatur,
849 3310 1059 3383 interfecerunt
1082 3308 1256 3364 Sicltemmu.
1292 3307 1334 3363 El
1348 3318 1385 3369 30

342 3415 476 3452 rrnsrnu:
500 3398 674 3453 Sacerdotes
697 3415 752 3451 non
781 3396 921 3452 divertent
954 3398 1002 3453 ubi
1030 3409 1072 3453 es!
1096 3394 1250 3453 Dominus.
1282 3394 1336 3451 Vel

342 3496 420 3540 certe
443 3485 536 3540 orturis
560 3485 703 3561 magister
726 3484 775 3559 qui
796 3485 977 3563 mandatique
1002 3484 1089 3539 ruralis
1112 3481 1249 3559 operibus
1272 3481 1333 3537 dis·

340 3571 450 3646 cipulos
466 3590 543 3639 suns,
560 3573 751 3628 claudicante
768 3591 816 3626 ens
827 3590 951 3649 reguum
969 3572 1107 3628 celorum.
1129 3572 1192 3626 lice
1207 3571 1333 3642 lerony-

342 3678 416 3713 mus,
442 3659 644 3715 Crisostnmus
661 3674 761 3715 antem
784 3660 949 3715 secundum
967 3658 1104 3714 ordinem
1130 3656 1222 3714 alium
1240 3674 1335 3729 supet

144 3740 309 3793 ¹3¹¹sl'⁵‘'⁸'¹¹¹¹¹¹³
341 3744 398 3802 isto
431 3761 509 3803 textu
544 3747 585 3802 sic
619 3747 766 3821 loquitur:
806 3747 872 3800 l'ult
904 3746 977 3802 euim
1003 3746 1145 3801 Ilnruiuus
1178 3744 1382 3803 ostendere35

392 4000 624 4053 thonitruus.
680 4001 905 4054 n.rl:qtcerrrsurrt.
960 4013 990 4044 21.
1006 4000 1023 4043 ll
1039 4002 1061 4042 in
1077 4012 1162 4052 ruera:
1181 3998 1202 4040 8.
1257 4002 1333 4049 euri

340 4054 362 4096 in
379 4066 463 4103 nrnre:
480 4053 613 4104 leronymus
697 4051 730 4101 'lp
747 4055 768 4094 Λ
783 4054 805 4095 in
822 4064 907 4101 mutu:
925 4053 1086 4095 L'ru'soslomus.

393 4196 431 4229 er.
453 4177 542 4227 llattlr.
562 4178 649 4227 Kiilll.
673 4182 709 4228 13.
748 4194 786 4241 21.
808 4180 912 4228 (lotum.
932 4180 956 4227 in
978 4179 1136 4228 ‚lintthaenm
1157 4179 1172 4225 1.
1193 4192 1214 4225 c.
1234 4192 1260 4240 p.
1274 4176 1332 4227 183.

342 4248 580 4315 etpllseuclflstr.
654 4251 693 4297 jn.
713 4248 746 4295 ib.
764 4266 788 4310 4.
844 4250 1035 4313 1t5.()p.1mp.
1056 4249 1112 4296 l.c.
1133 4246 1330 4311 pellxxxl'l

340 4322 392 4373 leil.
412 4321 456 4367 ult.
475 4330 547 4381 nupt.
