3098 5130
126 525 185 582 332
585 524 1086 574 OPERISEVANGELICILIB.1V.
1170 505 1250 589 [car.
1266 518 1328 562 xxv.

131 690 202 734 ludas
217 704 265 732 was
280 691 317 732 the
342 696 473 756 patrono
497 683 642 756 precipuo
660 684 837 758 ligurantur.
863 687 949 741 Unde
970 689 1014 753 (ut
1030 685 1216 757 Augustinus
1232 690 1329 753 notat)

168 746 288 851 ‘illimis'
342 770 502 844 dupliciter
536 769 684 843 contingit
718 771 869 827 hominem
895 790 959 828 esse
993 790 1025 828 ex
1050 772 1152 846 aliqua
1176 773 1327 835 comitiva.

183 850 273 902 l‘l'st*
343 858 441 930 primo
474 857 662 931 simpliciter,
699 872 731 914 ut
764 860 799 914 de
832 877 960 914 numero
993 873 1182 930 naturarum,
1216 873 1244 915 et
1278 860 1329 915 illo

343 947 433 1000 modo
458 964 525 1001 rere
549 944 621 1000 dicit
642 946 647 1021 l
668 944 804 1001 Christus
840 947 869 1002 in
902 947 958 1002 hoc
984 947 1153 1019 exangelio:
1184 949 1268 1003 Unus
1296 966 1328 1002 ex
1356 948 1421 1013 437¹'

341 1032 425 1087 vohis
450 1034 547 1089 tradet
572 1051 634 1101 me;
660 1034 793 1089 secundo
816 1035 908 1089 modo
931 1046 963 1089 ut
988 1047 1032 1089 est
1056 1035 1093 1088 de
1116 1052 1244 1090 numero
1263 1039 1354 1107 pre-5

341 1119 552 1176 ordinatorum
565 1121 602 1175 ad
615 1119 842 1176 edificacionem
860 1134 888 1176 et
901 1139 1059 1176 numerum
1079 1121 1325 1177 constituendum

341 1207 475 1265 ecclesie.
500 1210 536 1262 Et
560 1206 612 1261 illo
631 1209 720 1262 modo
746 1207 879 1281 loquitur
902 1209 1062 1276 lohannes,
1088 1210 1112 1262 κΊ
1139 1210 1205 1264 loh.
1224 1211 1258 1275 ΙΙ,
1281 1226 1328 1282 19,

340 1296 463 1367 quando
487 1294 576 1350 dicit:
611 1295 657 1349 De
689 1295 769 1351 nobis
798 1295 984 1371 prodierunt,
1007 1296 1060 1350 sed
1092 1314 1146 1350 uon
1180 1307 1263 1350 erant
1290 1311 1329 1349 ex

341 1382 429 1439 nobis.
464 1382 540 1436 Nam
570 1381 596 1436 si
617 1382 748 1456 fuissent
780 1399 818 1438 ex
850 1382 939 1450 nobis,
972 1383 1201 1456 periirairsisseirt
1233 1381 1329 1454 utique

341 1469 498 1524 nobiscum.
523 1471 560 1524 Et
584 1470 669 1524 decet
694 1469 870 1542 theologum
897 1486 1081 1543 cognoscere
1107 1470 1181 1525 tales
1206 1466 1328 1543 equivo·
1343 1487 1372 1519 ιο

342 1555 490 1626 cociones,
515 1569 547 1611 ut
571 1554 646 1612 sciat
671 1554 836 1612 dissolvere
860 1555 1011 1629 ampullas
1035 1555 1214 1629 sophisticas
1242 1554 1328 1612 Anti·

342 1641 455 1701 christi.

720 1829 824 1893 CAP.
848 1829 951 1892 XIV.

124 1980 225 2023 Christ's
241 1981 331 2022 trouble
386 1972 516 2028 Ulterius
541 1973 691 2029 notandus
723 1986 767 2029 est
801 1986 897 2029 textus
931 1992 998 2030 cum
1025 1972 1215 2047 exposicione
1238 1971 1326 2029 huius

132 2032 437 2127 llsslffissilollitsancti
461 2060 497 2114 de
531 2059 710 2116 turbacione
735 2059 856 2116 Domini
891 2060 920 2115 in
951 2061 1108 2116 hocloco.
1133 2055 1369 2134 Capiendum¹5

147 2137 303 2231 ⁶⁰2qussgh¹l⁰
342 2146 463 2220 quidem
498 2161 541 2203 est
574 2161 606 2203 ut
639 2146 712 2203 fides
744 2149 825 2221 quod
861 2146 917 2203 ista
950 2147 1088 2204 turbacio
1122 2145 1231 2202 Christi
1266 2165 1326 2202 non

268 2220 273 2230 ’
342 2233 462 2290 extinxit
486 2233 517 2290 in
554 2252 590 2290 eo
614 2233 754 2290 virtutem
790 2234 922 2308 aliquam
948 2253 1002 2291 nec
1027 2233 1200 2307 passionem
1226 2234 1328 2307 culpa·

343 2320 430 2376 bilem
456 2320 631 2389 introduxit,
656 2323 707 2378 sed
738 2330 782 2394 (ut
806 2321 878 2377 dicit
902 2320 1098 2395 Augustinus)
1131 2319 1328 2394 prefiguravit

341 2407 528 2464 scismaticos
553 2422 582 2465 et
614 2407 762 2465 hereticos
791 2408 947 2464 ecclesiam
982 2410 1175 2482 postmodum
1211 2421 1327 2481 pertur-

342 2496 457 2551 bantes¹
482 2498 609 2552 Necesse
627 2509 670 2552 est
695 2495 775 2551 enim
793 2494 960 2552 zizanniam
985 2495 1015 2551 in
1034 2495 1159 2551 ecclesia
1181 2493 1372 2551 seminaria>

341 2595 369 2637 et
392 2583 437 2651 (ut
461 2581 534 2639 dicit
559 2582 758 2656 evangelium)
783 2600 817 2637 ne
840 2583 1006 2638 eradicetur
1037 2593 1063 2638 et
1095 2582 1223 2637 triticum
1260 2595 1327 2637 sunt

342 2686 410 2723 cum
437 2669 644 2726 moderamine
669 2669 816 2743 paciendi.
844 2672 901 2725 Sed
927 2669 1003 2725 sicut
1028 2668 1165 2726 Christus
1190 2667 1262 2724 dicit
1279 2668 1326 2723 hic

342 2773 479 2828 expresse
504 2756 655 2813 maliciam
682 2755 849 2813 Scariothis
872 2756 1013 2817 lohanni‚
1039 2770 1069 2811 ut
1095 2758 1199 2812 Petrus
1228 2754 1325 2828 ipsum

341 2843 408 2917 plus
432 2859 550 2915 caveat;
575 2844 616 2900 sic
641 2843 771 2917 Spiritus
796 2845 923 2900 Sanctus
949 2857 1049 2899 monet
1074 2842 1176 2899 lideles
1202 2841 1327 2898 ecclesie

341 2942 373 2986 ut
398 2929 499 2987 dicant
523 2949 669 3005 expresse,
695 2933 848 2987 moderate
873 2944 974 2987 tamen
998 2929 1050 3004 qui
1073 2943 1142 2985 sunt
1165 2928 1326 2984 scismatici
1340 2926 1369 2974 ²5

342 3017 500 3074 ecclesiam
539 3020 760 3092 perturbantes.
806 3017 897 3074 Radix
941 3031 1041 3074 autem
1086 3015 1327 3090 perturbacionis

342 3104 467 3161 ecclesie
498 3118 557 3162 stat
589 3105 619 3161 in
655 3105 713 3161 isto
748 3107 829 3178 quod
862 3104 986 3178 quidam
1019 3103 1154 3177 ¹vpocrite
1180 3104 1326 3158 honorem

342 3205 373 3247 ut
405 3193 522 3248 lucrum
558 3192 649 3250 seculi
684 3206 789 3248 contra
822 3191 994 3248 doctrinam
1021 3190 1142 3246 Domini
1173 3190 1328 3263 cupientes

343 3280 474 3352 produnt
507 3280 603 3353 legem
634 3278 744 3336 Christi
779 3278 807 3333 in
837 3278 963 3335 ecclesia
999 3291 1123 3351 propter
1153 3276 1326 3351 cupidinem

344 3366 432 3422 huius
456 3365 537 3422 honi.
563 3369 598 3422 Et
622 3368 677 3423 hec
701 3365 783 3423 racio
807 3384 900 3439 quare
918 3364 1054 3421 Christus
1071 3378 1131 3421 tam
1157 3365 1217 3420 vita
1235 3383 1324 3437 quam
1340 3360 1372 3409 30

343 3456 433 3509 verbo
458 3466 576 3510 tantum
593 3454 710 3527 fugerat
734 3454 791 3509 hoc
808 3465 976 3526 peccatum.
1002 3452 1076 3526 Capi
1094 3451 1214 3526 quidem
1239 3453 1327 3506 dehet

343 3555 373 3596 ut
411 3541 485 3597 fides
521 3540 659 3597 fidelibus
683 3542 764 3614 quod
789 3539 926 3596 Christus
958 3559 1019 3596 non
1055 3538 1108 3595 fuit
1143 3539 1325 3598 incarnatus.

343 3641 374 3683 ut
399 3631 545 3685 honorem
573 3630 759 3685 mundanum
787 3641 815 3682 et
840 3626 959 3701 copiam
985 3625 1198 3699 temporalium
1221 3645 1325 3699 repor-

341 3728 428 3779 taret,
453 3718 504 3772 sed
528 3716 653 3772 omnino
678 3718 715 3772 ab
740 3714 798 3770 illis
822 3713 851 3769 in
875 3734 906 3770 se
931 3728 959 3770 et
983 3714 1044 3769 suis
1068 3712 1222 3770 abstinuit,
1248 3712 1325 3767 utin

177 3824 278 3868 chrisis
341 3802 407 3875 ipso
431 3803 639 3876 principaliter
672 3802 893 3875 extingueretur
921 3801 977 3857 ista
1003 3799 1162 3875 cupiditas.
1202 3796 1369 3873 Propter35

172 3884 275 3933 poi-erry.
342 3891 398 3945 hoc
424 3890 502 3945 enim
529 3890 582 3945 suit
598 3904 686 3946 natus
704 3904 764 3946 tam
790 3908 932 3962 paupere.
958 3902 1019 3944 tam
1047 3906 1178 3961 paupere
1203 3905 1326 3942 conver-

342 3991 424 4032 satus
458 3977 487 4032 in
512 3996 542 4033 se
576 3991 603 4033 et
637 3977 697 4032 suis
722 3976 877 4049 discipulis
901 3990 991 4049 atque
1026 3974 1220 4049 cognacione.
1261 3978 1325 4028 Non

342 4063 421 4121 enim
447 4063 502 4120 fuit
519 4078 606 4120 natus
630 4065 660 4120 in
685 4065 775 4137 regali
802 4063 937 4119 manerio
961 4062 1022 4119 sive
1039 4075 1138 4118 castro
1154 4080 1209 4118 nec
1227 4060 1325 4134 dispo-

342 4151 401 4207 suit
425 4153 462 4208 ad
486 4170 570 4208 suam
597 4151 784 4207 nativitatem
811 4149 1064 4223 preconizaudam
1090 4167 1218 4220 cesares,
1243 4166 1326 4220 reges

395 4419 461 4464 tiit
479 4417 499 4456 in
517 4427 601 4467 inrita:
622 4415 745 4457 ,lohannes
827 4427 856 4467 ¹7·
878 4416 910 4456 h:
927 4414 1050 4467 extinguit.
1128 4416 1263 4466 tri—annm
1280 4417 1325 4453 tnr-

343 4468 420 4510 hintes
487 4466 520 4510 23.
536 4470 569 4510 A:
585 4467 704 4522 expressit.
774 4466 805 4509 25.
821 4469 853 4509 A:
868 4468 903 4508 vet
915 4467 1002 4508 dicant.
