3030 5130
577 462 666 513 oeus
685 461 938 513 svnuosuicou
959 461 1022 512 cie.
1041 461 1082 512 111.
1152 442 1237 527 [cot-
1252 455 1335 501 mu.

388 622 464 679 Ecce
495 623 569 679 enim
608 624 850 698 quemadmodum
898 640 963 679 cum
996 622 1155 678 manducas
1189 632 1218 677 et
1251 621 1334 690 bibis,

344 728 399 765 non
423 710 519 765 artima
544 711 701 766 manducat
723 711 775 766 sed
797 728 920 785 corpus:
952 727 1000 765 res
1031 709 1106 765 enim
1134 708 1335 785 incorporalis

344 798 496 871 corporali
511 798 572 853 cibo
596 816 651 853 non
671 797 814 873 pascitur,
838 798 967 853 siccum
992 797 1039 851 vir
1062 795 1180 852 mulieri
1193 808 1247 852 aut
1270 814 1332 851 mu-

344 884 399 940 lier
423 885 486 940 uiro
510 884 708 962 coniungitur,
743 904 798 941 non
823 885 919 940 anima
951 884 1106 959 copulatur
1137 884 1189 939 sed
1213 901 1332 960 corpus.

345 970 505 1046 Propterea
531 974 709 1047 frequenter
728 973 778 1049 fit,
811 983 842 1026 ut
874 984 963 1049 nupta
994 971 1020 1026 si
1041 971 1116 1027 alias
1148 989 1204 1027 non
1232 975 1355 1048 pecceti

344 1059 450 1114 melior
472 1060 510 1116 sit
534 1077 619 1134 quam
644 1060 695 1114 illa
717 1077 770 1133 que
795 1060 881 1136 uirgo
905 1073 947 1116 est
970 1069 997 1114 et
1013 1058 1088 1114 alias
1108 1068 1223 1133 peccat.
1254 1059 1332 1127 Quo·

343 1144 420 1201 niam
444 1147 470 1202 si
492 1147 543 1202 illa
569 1165 624 1202 uon
659 1158 762 1222 peccat
785 1163 839 1219 que
862 1157 950 1222 nupta
974 1157 1026 1216 est,
1057 1163 1183 1220 corpore
1215 1145 1331 1221 quidem

343 1244 432 1307 nupta
456 1245 507 1306 est,
531 1234 628 1289 anima
653 1234 739 1311 uirgo
763 1245 814 1289 est.
853 1234 915 1302 Que
937 1244 1033 1289 autem
1066 1233 1142 1289 alias
1170 1243 1275 1308 peccat
1306 1243 1331 1287 et

344 1321 430 1398 uirgo
454 1331 505 1391 est,
538 1338 664 1396 corpore
686 1322 800 1396 quidem
826 1321 913 1399 uirgo
937 1332 990 1388 est,
1023 1320 1121 1375 anima
1144 1331 1243 1376 autem
1259 1321 1330 1394 sor·

135 1417 216 1478 oestro
231 1430 284 1474 may
299 1419 326 1461 be
343 1407 465 1468 nicorio.
490 1409 549 1464 Sed
571 1426 606 1463 ne
627 1408 786 1483 desperare
800 1408 952 1482 sociamus
969 1407 1059 1463 eciam
1077 1406 1207 1484 uirgines
1231 1406 1329 1477 bonas,
1344 1428 1370 1460 io

135 1471 282 1566 ¹¹¹V⁰Jl¹fi¹f¹ss1f9
296 1483 324 1513 ⁰¹
343 1494 409 1569 quia
439 1489 443 1573 Ι
473 1495 603 1552 diximus
627 1513 685 1570 per
717 1495 979 1570 concupiscenciam
1019 1493 1132 1551 animas
1166 1493 1331 1569 fornicari,
1359 1496 1407 1563 4²7¹

124 1576 146 1619 lt
151 1574 332 1672 tioi‘ciiilieiiiffi
343 1582 490 1637 sciendum
523 1583 602 1658 quod
624 1583 706 1638 aliud
736 1594 779 1639 est
802 1582 1005 1658 concupiscere
1027 1581 1108 1637 aliud
1132 1581 1206 1637 uelle
1229 1598 1332 1638 concu-

125 1682 200 1724 desire
215 1683 272 1725 does
287 1661 327 1724 niu
339 1668 465 1744 piscerc.
503 1668 716 1745 Concupiscere
749 1680 844 1725 aretem
874 1669 1021 1744 passionis
1044 1681 1095 1737 cst,
1135 1668 1210 1725 uelle
1236 1678 1330 1724 autem

163 1734 285 1776 damnus.
343 1756 468 1811 arbitrii.
504 1757 686 1833 Frequenter
709 1757 938 1832 concupiscimus
971 1757 1061 1812 eciam
1084 1756 1162 1831 quod
1186 1755 1330 1812 nolumus.

345 1844 377 1898 Si
399 1861 473 1921 ergo
506 1845 739 1920 concupiscencie
772 1864 827 1900 non
860 1844 999 1901 consentit
1045 1843 1189 1915 uoluntas,
1230 1860 1330 1899 concu·
1345 1848 1368 1898 15

339 1931 487 2007 piscencia
524 1933 587 1987 solo
627 1949 681 1986 non
715 1933 863 2007 dampnat,
900 1931 953 1987 sed
989 1930 1086 2007 inagis
1122 1930 1330 2008 gloriosiorem

336 2018 417 2092 facit
440 2018 621 2095 virginitatis
644 2037 793 2075 coronam.
817 2019 882 2074 lam
915 2017 1063 2074 veniamus
1086 2018 1125 2072 ad
1147 2017 1331 2093 spiritualem

342 2105 403 2161 eius
434 2107 647 2165 narracionem.
685 2107 793 2163 Decem
818 2106 949 2182 uirgines
972 2123 1071 2161 omnes
1099 2104 1231 2161 homines
1256 2104 1333 2173 dicit,

342 2210 466 2267 quorum
492 2193 549 2248 nita
575 2194 672 2250 decem
697 2193 828 2250 sensibus
859 2203 1050 2263 sustentatur,
1081 2192 1206 2266 quinque
1228 2209 1333 2248 carna·

343 2280 417 2335 libus
441 2292 467 2336 et
490 2281 613 2356 quinque
627 2281 845 2356 spiritualibus;
868 2280 994 2336 omniurn
1012 2281 1087 2336 enim
1103 2279 1254 2335 hominurn
1279 2279 1371 2333 duem

340 2379 444 2441 partes
460 2379 536 2422 sunt.
560 2369 618 2423 Aut
633 2369 707 2424 enirn
722 2378 891 2443 peccatores
907 2378 973 2423 sunt
988 2379 1039 2422 out
1055 2367 1139 2435 iusti;
1160 2376 1333 2443 peccatores

343 2454 391 2528 quii
413 2457 570 2510 secundum
595 2456 731 2512 carnales
753 2455 905 2510 ambulant
928 2473 1039 2524 seusus,
1072 2454 1141 2510 iusti
1162 2464 1261 2510 autem
1286 2452 1334 2527 qui

342 2543 499 2596 secundum
529 2542 704 2617 spirituales.
740 2542 826 2619 Ergo
860 2553 885 2597 et
914 2560 997 2597 omne
1028 2559 1120 2619 genus
1140 2551 1330 2618 peccatorum

344 2628 371 2682 in
393 2629 516 2704 quinque
540 2629 681 2684 diuiditur
704 2641 732 2685 et
755 2647 839 2684 omne
861 2648 955 2707 genus
978 2629 1122 2685 iustorum
1147 2627 1174 2683 in
1198 2627 1331 2704 quinque,

343 2717 499 2771 secundum
522 2727 618 2771 atatem
644 2735 795 2773 numerum
819 2734 954 2771 sensuum
980 2735 1035 2771 non
1058 2716 1216 2771 secundnm
1234 2718 1371 2770 nume-25

346 2821 411 2858 rum
436 2804 594 2859 hominum.
619 2803 685 2860 Has
703 2804 833 2881 virgines
851 2803 1024 2859 dividendas
1043 2803 1165 2878 profert
1185 2801 1331 2868 Christus,

343 2891 457 2964 quando
480 2901 507 2946 et
530 2891 598 2946 iusti
615 2892 650 2946 ab
667 2891 779 2947 iniustis
796 2909 853 2965 per
877 2891 994 2946 avertam
1013 2890 1071 2946 Dei
1084 2900 1151 2945 sunt
1174 2886 1332 2957 diuidendi,

344 2988 374 3032 ut
397 2978 520 3053 quinque
557 2978 671 3053 quidem
702 2989 853 3054 ponantur
875 2977 915 3032 ad
939 2978 1096 3034 dexteram
1129 2975 1199 3032 iusti
1220 2974 1332 3031 iudicis.

344 3064 398 3119 ltoc
421 3075 463 3121 est
478 3065 632 3140 sapientes,
656 3066 778 3139 quinque
799 3076 894 3120 atttem
919 3066 959 3119 ad
981 3064 1141 3135 sinistram,
1165 3063 1197 3118 id
1219 3073 1262 3118 est
1278 3062 1332 3136 sa·

343 3161 398 3207 tue.
432 3152 595 3208 Secundum
629 3163 724 3207 autent
748 3152 897 3208 consimile
921 3151 1082 3207 misterium
1117 3161 1175 3206 est:
1207 3149 1373 3228 Morses3o

344 3238 371 3292 in
396 3238 507 3294 duabus
523 3239 629 3294 tabulis
646 3239 740 3316 legem
757 3239 882 3314 suscepit
899 3240 996 3295 decem
1015 3238 1187 3305 uerborum
1210 3236 1333 3311 quinque

343 3325 457 3398 quidem
482 3327 620 3381 mandata
644 3327 673 3381 in
696 3327 795 3382 tabula
820 3345 885 3397 urm,
914 3326 1037 3402 quinque
1059 3335 1155 3380 autem
1179 3323 1208 3379 in
1232 3322 1332 3379 tabula

343 3412 447 3468 altera.
482 3414 515 3468 Si
536 3431 610 3490 ergo
643 3414 740 3469 tabule
771 3413 936 3470 testamenti
966 3413 1044 3469 illius
1067 3412 1095 3468 in
1127 3429 1182 3467 uno
1215 3410 1330 3486 quidem

344 3500 492 3571 herebant,
517 3512 613 3556 tamen
637 3519 693 3556 non
707 3512 825 3576 poterat
841 3500 915 3577 fieri
931 3511 960 3554 ul
978 3500 1061 3556 ambe
1075 3499 1186 3576 fierent
1202 3497 1243 3553 ad
1259 3498 1331 3553 dex·

343 3599 437 3644 teram
455 3588 588 3665 legentis,
612 3590 664 3644 sed
687 3605 802 3644 necesse
825 3598 889 3643 erat
906 3599 935 3642 ut
957 3605 1094 3642 unacum
1112 3585 1235 3660 quinque
1258 3594 1331 3641 esset
1343 3588 1371 3641 35

344 3675 382 3728 ad
406 3677 571 3742 dexteram,
604 3675 700 3730 altera
732 3686 827 3730 autem
856 3693 920 3731 cum
945 3674 1067 3749 quinque
1099 3672 1166 3728 aliis
1193 3683 1269 3729 esset
1292 3670 1333 3728 ad

342 3760 502 3817 sinistram.
529 3763 576 3818 Sic
592 3781 691 3818 omues
708 3762 863 3818 christiani
884 3761 912 3817 in
929 3779 984 3816 nna
1009 3771 1143 3817 tenentur
1166 3759 1329 3816 vocacione.

344 3848 409 3904 Non
433 3860 474 3905 est
496 3860 591 3905 autem
606 3849 753 3923 possibile,
778 3861 807 3903 ut
831 3867 930 3905 omnes
945 3847 1024 3924 fiant
1047 3848 1086 3902 od
1109 3847 1264 3903 dexteram
1287 3863 1330 3902 se·

344 3936 453 4005 dentis;
490 3937 542 3991 sed
573 3954 687 3992 neccsse
710 3947 761 4004 est,
795 3949 825 3990 ut
860 3936 928 3991 iusti
950 3936 1062 4010 quidem
1102 3935 1142 3989 ad
1174 3933 1329 3990 dexteram

395 4314 415 4359 3.
429 4319 461 4360 A:
477 4317 520 4359 sed
532 4328 590 4360 cum.
663 4328 694 4369 14.
711 4317 744 4359 A:
760 4316 941 4370 concupiscimus
955 4315 981 4359 id
1009 4314 1063 4358 uod.
1124 4310 1214 4357 25-26.
1228 4313 1263 4358 As
1277 4324 1329 4357 sen·

342 4380 563 4413 suum-numerum
578 4371 650 4413 deest.
704 4365 736 4411 33.
751 4370 785 4411 A:
799 4370 822 4412 si
834 4380 900 4425 ergo.
941 4325 1029 4414 35-36.
1044 4368 1078 4410 A:
1094 4371 1164 4410 aaut
1176 4366 1201 4408 in
1216 4376 1264 4409 una
1279 4396 1284 4407 .
1301 4397 1307 4408 .
1323 4396 1329 4407 .

342 4426 417 4463 essent
432 4452 436 4460 .
452 4453 458 4463 .
475 4453 479 4462 .
494 4426 578 4464 essent.
654 4419 689 4464 38.
705 4422 738 4464 A:
753 4417 807 4464 Non
822 4426 897 4463 tamen
912 4425 954 4464 est.
