<?xml version="1.0" encoding="UTF-8"?>
<!DOCTYPE html PUBLIC "-//W3C//DTD XHTML 1.0 Transitional//EN"
    "http://www.w3.org/TR/xhtml1/DTD/xhtml1-transitional.dtd">
<html xmlns="http://www.w3.org/1999/xhtml" xml:lang="en" lang="en">
 <head>
  <title>
</title>
<meta http-equiv="Content-Type" content="text/html;charset=utf-8" />
  <meta name='ocr-system' content='tesseract 3.04.00' />
  <meta name='ocr-capabilities' content='ocr_page ocr_carea ocr_par ocr_line ocrx_word'/>
</head>
<body>
  <div class='ocr_page' id='page_1' title='image "./iohanniswyclifo01wyclgoog_0244.png"; bbox 0 0 3098 5130; ppageno 0'>
   <div class='ocr_carea' id='block_1_1' title="bbox 208 473 914 553">
    <p class='ocr_par' dir='ltr' id='par_1_1' title="bbox 208 473 914 553">
     <span class='ocr_line' id='line_1_1' title="bbox 208 473 914 553; baseline 0.001 -19"><span class='ocrx_word' id='word_1_1' title='bbox 208 473 359 553; x_wconf 56' lang='lat' dir='ltr'><em>critiri]</em></span> <span class='ocrx_word' id='word_1_2' title='bbox 492 490 536 537; x_wconf 80' lang='lat' dir='ltr'><em>oe</em></span> <span class='ocrx_word' id='word_1_3' title='bbox 557 488 793 537; x_wconf 75' lang='lat' dir='ltr'><em>ruricuursro</em></span> <span class='ocrx_word' id='word_1_4' title='bbox 815 488 877 535; x_wconf 78' lang='lat' dir='ltr'><em>rra.</em></span> <span class='ocrx_word' id='word_1_5' title='bbox 898 487 914 535; x_wconf 86' lang='lat' dir='ltr'><em>t.</em></span> 
     </span>
    </p>
   </div>
   <div class='ocr_carea' id='block_1_2' title="bbox 110 647 1198 1680">
    <p class='ocr_par' dir='ltr' id='par_1_2' title="bbox 110 647 1198 1680">
     <span class='ocr_line' id='line_1_2' title="bbox 208 647 1196 722; baseline -0.003 -18"><span class='ocrx_word' id='word_1_6' title='bbox 208 651 355 705; x_wconf 84' lang='lat' dir='ltr'><em>assiduam</em></span> <span class='ocrx_word' id='word_1_7' title='bbox 395 651 564 706; x_wconf 84' lang='lat' dir='ltr'><em>occisionem</em></span> <span class='ocrx_word' id='word_1_8' title='bbox 603 661 770 704; x_wconf 87' lang='lat' dir='ltr'><em>sanctornm</em></span> <span class='ocrx_word' id='word_1_9' title='bbox 794 660 843 703; x_wconf 92' lang='lat' dir='ltr'><em>aut</em></span> <span class='ocrx_word' id='word_1_10' title='bbox 872 649 937 722; x_wconf 86' lang='lat' dir='ltr'><em>quia</em></span> <span class='ocrx_word' id='word_1_11' title='bbox 966 647 1119 703; x_wconf 89' lang='lat' dir='ltr'><em>christiani</em></span> <span class='ocrx_word' id='word_1_12' title='bbox 1140 648 1196 721; x_wconf 89' lang='lat' dir='ltr'><em>ipsi</em></span> 
     </span>
     <span class='ocr_line' id='line_1_3' title="bbox 110 734 1195 814; baseline -0.002 -22"><span class='ocrx_word' id='word_1_13' title='bbox 110 734 173 798; x_wconf 53' lang='lat'><em>425*</em></span> <span class='ocrx_word' id='word_1_14' title='bbox 208 749 309 792; x_wconf 88' lang='lat' dir='ltr'><em>contra</em></span> <span class='ocrx_word' id='word_1_15' title='bbox 344 738 486 792; x_wconf 86' lang='lat' dir='ltr'><em>iusticiam</em></span> <span class='ocrx_word' id='word_1_16' title='bbox 507 734 511 814; x_wconf 69' lang='lat' dir='ltr'><em>l</em></span> <span class='ocrx_word' id='word_1_17' title='bbox 532 736 753 793; x_wconf 74' lang='lat' dir='ltr'><em>christianitatis</em></span> <span class='ocrx_word' id='word_1_18' title='bbox 782 736 856 791; x_wconf 89' lang='lat' dir='ltr'><em>inter</em></span> <span class='ocrx_word' id='word_1_19' title='bbox 887 754 919 791; x_wconf 91' lang='lat' dir='ltr'><em>se</em></span> <span class='ocrx_word' id='word_1_20' title='bbox 950 736 1027 809; x_wconf 90' lang='lat' dir='ltr'><em>ipsos</em></span> <span class='ocrx_word' id='word_1_21' title='bbox 1055 736 1195 808; x_wconf 85' lang='lat' dir='ltr'><em>furentes</em></span> 
     </span>
     <span class='ocr_line' id='line_1_4' title="bbox 207 822 1196 898; baseline -0.004 -19"><span class='ocrx_word' id='word_1_22' title='bbox 207 825 362 879; x_wconf 84' lang='lat' dir='ltr'><em>bellabunt.</em></span> <span class='ocrx_word' id='word_1_23' title='bbox 410 824 473 879; x_wconf 91' lang='lat' dir='ltr'><em>Hoc</em></span> <span class='ocrx_word' id='word_1_24' title='bbox 512 825 539 879; x_wconf 89' lang='lat' dir='ltr'><em>si</em></span> <span class='ocrx_word' id='word_1_25' title='bbox 569 835 700 898; x_wconf 89' lang='lat' dir='ltr'><em>tempore</em></span> <span class='ocrx_word' id='word_1_26' title='bbox 739 823 822 877; x_wconf 89' lang='lat' dir='ltr'><em>huius</em></span> <span class='ocrx_word' id='word_1_27' title='bbox 865 822 975 877; x_wconf 77' lang='lat' dir='ltr'><em>heresis</em></span> <span class='ocrx_word' id='word_1_28' title='bbox 1012 822 1196 898; x_wconf 79' lang='lat' dir='ltr'><em>intelligatur</em></span> 
     </span>
     <span class='ocr_line' id='line_1_5' title="bbox 206 909 1195 986; baseline -0.005 -19"><span class='ocrx_word' id='word_1_29' title='bbox 206 911 358 986; x_wconf 88' lang='lat' dir='ltr'><em>scriptum,</em></span> <span class='ocrx_word' id='word_1_30' title='bbox 391 911 604 986; x_wconf 72' lang='lat' dir='ltr'><em>esposicionem</em></span> <span class='ocrx_word' id='word_1_31' title='bbox 638 912 723 966; x_wconf 84' lang='lat' dir='ltr'><em>hahet</em></span> <span class='ocrx_word' id='word_1_32' title='bbox 751 910 973 966; x_wconf 82' lang='lat' dir='ltr'><em>convenientem.</em></span> <span class='ocrx_word' id='word_1_33' title='bbox 1018 909 1195 984; x_wconf 82' lang='lat' dir='ltr'><em>Quomodo?</em></span> 
     </span>
     <span class='ocr_line' id='line_1_6' title="bbox 183 996 1193 1072; baseline -0.003 -18"><span class='ocrx_word' id='word_1_34' title='bbox 183 998 338 1054; x_wconf 68' lang='lat' dir='ltr'><em>§Obtinuit</em></span> <span class='ocrx_word' id='word_1_35' title='bbox 366 998 476 1053; x_wconf 83' lang='lat' dir='ltr'><em>heresis</em></span> <span class='ocrx_word' id='word_1_36' title='bbox 503 998 557 1053; x_wconf 90' lang='lat' dir='ltr'><em>ista</em></span> <span class='ocrx_word' id='word_1_37' title='bbox 585 1010 715 1053; x_wconf 75' lang='lat' dir='ltr'><em>,sanctum</em></span> <span class='ocrx_word' id='word_1_38' title='bbox 749 996 866 1053; x_wconf 83' lang='lat' dir='ltr'><em>ecclesie</em></span> <span class='ocrx_word' id='word_1_39' title='bbox 899 997 992 1051; x_wconf 85' lang='lat' dir='ltr'><em>locum</em></span> <span class='ocrx_word' id='word_1_40' title='bbox 1016 997 1100 1072; x_wconf 88' lang='lat' dir='ltr'><em>quasi</em></span> <span class='ocrx_word' id='word_1_41' title='bbox 1126 997 1193 1051; x_wconf 88' lang='lat' dir='ltr'><em>abo-</em></span> 
     </span>
     <span class='ocr_line' id='line_1_7' title="bbox 207 1084 1194 1153; baseline -0.001 -14"><span class='ocrx_word' id='word_1_42' title='bbox 207 1086 330 1140; x_wconf 88' lang='lat' dir='ltr'><em>minacio</em></span> <span class='ocrx_word' id='word_1_43' title='bbox 369 1085 559 1141; x_wconf 86' lang='lat' dir='ltr'><em>desolacionis</em></span> <span class='ocrx_word' id='word_1_44' title='bbox 596 1097 623 1141; x_wconf 92' lang='lat' dir='ltr'><em>et</em></span> <span class='ocrx_word' id='word_1_45' title='bbox 660 1084 832 1140; x_wconf 88' lang='lat' dir='ltr'><em>Antichristi</em></span> <span class='ocrx_word' id='word_1_46' title='bbox 853 1084 999 1139; x_wconf 79' lang='lat' dir='ltr'><em>exercitus</em></span> <span class='ocrx_word' id='word_1_47' title='bbox 1029 1084 1194 1153; x_wconf 88' lang='lat' dir='ltr'><em>constituta,</em></span> 
     </span>
     <span class='ocr_line' id='line_1_8' title="bbox 210 1170 1196 1247; baseline -0.001 -21"><span class='ocrx_word' id='word_1_48' title='bbox 210 1173 323 1228; x_wconf 86' lang='lat' dir='ltr'><em>Christi</em></span> <span class='ocrx_word' id='word_1_49' title='bbox 355 1173 425 1228; x_wconf 90' lang='lat' dir='ltr'><em>solis</em></span> <span class='ocrx_word' id='word_1_50' title='bbox 462 1183 504 1228; x_wconf 91' lang='lat' dir='ltr'><em>est</em></span> <span class='ocrx_word' id='word_1_51' title='bbox 538 1173 645 1228; x_wconf 83' lang='lat' dir='ltr'><em>veritas</em></span> <span class='ocrx_word' id='word_1_52' title='bbox 677 1172 844 1229; x_wconf 83' lang='lat' dir='ltr'><em>obscurata.</em></span> <span class='ocrx_word' id='word_1_53' title='bbox 883 1170 1015 1226; x_wconf 85' lang='lat' dir='ltr'><em>Ecclesia</em></span> <span class='ocrx_word' id='word_1_54' title='bbox 1040 1171 1116 1247; x_wconf 80' lang='lat' dir='ltr'><em>fidei</em></span> <span class='ocrx_word' id='word_1_55' title='bbox 1144 1188 1196 1226; x_wconf 88' lang='lat' dir='ltr'><em>sne</em></span> 
     </span>
     <span class='ocr_line' id='line_1_9' title="bbox 207 1257 1198 1335; baseline -0.002 -22"><span class='ocrx_word' id='word_1_56' title='bbox 207 1278 261 1314; x_wconf 92' lang='lat' dir='ltr'><em>non</em></span> <span class='ocrx_word' id='word_1_57' title='bbox 290 1260 386 1335; x_wconf 90' lang='lat' dir='ltr'><em>potuit</em></span> <span class='ocrx_word' id='word_1_58' title='bbox 409 1260 594 1334; x_wconf 75' lang='lat' dir='ltr'><em>splendorem</em></span> <span class='ocrx_word' id='word_1_59' title='bbox 621 1261 693 1315; x_wconf 87' lang='lat' dir='ltr'><em>dare</em></span> <span class='ocrx_word' id='word_1_60' title='bbox 723 1260 837 1315; x_wconf 85' lang='lat' dir='ltr'><em>clarum</em></span> <span class='ocrx_word' id='word_1_61' title='bbox 876 1269 902 1313; x_wconf 89' lang='lat' dir='ltr'><em>et</em></span> <span class='ocrx_word' id='word_1_62' title='bbox 930 1257 1082 1314; x_wconf 88' lang='lat' dir='ltr'><em>christiani</em></span> <span class='ocrx_word' id='word_1_63' title='bbox 1112 1257 1198 1312; x_wconf 84' lang='lat' dir='ltr'><em>nrnlti</em></span> 
     </span>
     <span class='ocr_line' id='line_1_10' title="bbox 206 1344 1195 1421; baseline 0 -21"><span class='ocrx_word' id='word_1_64' title='bbox 206 1346 254 1421; x_wconf 88' lang='lat' dir='ltr'><em>qui</em></span> <span class='ocrx_word' id='word_1_65' title='bbox 290 1358 374 1401; x_wconf 89' lang='lat' dir='ltr'><em>erant</em></span> <span class='ocrx_word' id='word_1_66' title='bbox 411 1348 495 1402; x_wconf 89' lang='lat' dir='ltr'><em>stelle</em></span> <span class='ocrx_word' id='word_1_67' title='bbox 533 1347 725 1403; x_wconf 83' lang='lat' dir='ltr'><em>racionabiles</em></span> <span class='ocrx_word' id='word_1_68' title='bbox 763 1345 929 1401; x_wconf 88' lang='lat' dir='ltr'><em>ceciderunt</em></span> <span class='ocrx_word' id='word_1_69' title='bbox 960 1363 977 1399; x_wconf 93' lang='lat' dir='ltr'><em>a</em></span> <span class='ocrx_word' id='word_1_70' title='bbox 1003 1344 1195 1421; x_wconf 85' lang='lat' dir='ltr'><em>firmamento</em></span> 
     </span>
     <span class='ocr_line' id='line_1_11' title="bbox 169 1431 954 1508; baseline 0 -19"><span class='ocrx_word' id='word_1_71' title='bbox 169 1433 424 1508; x_wconf 76' lang='lat' dir='ltr'><em>inscripturarunr</em></span> <span class='ocrx_word' id='word_1_72' title='bbox 447 1444 626 1490; x_wconf 89' lang='lat' dir='ltr'><em>sanctarum.</em></span> <span class='ocrx_word' id='word_1_73' title='bbox 653 1436 715 1490; x_wconf 82' lang='lat' dir='ltr'><em>llec</em></span> <span class='ocrx_word' id='word_1_74' title='bbox 739 1431 954 1489; x_wconf 86' lang='lat' dir='ltr'><em>Crisostomus.</em></span> 
     </span>
     <span class='ocr_line' id='line_1_12' title="bbox 250 1516 1194 1577; baseline -0.002 -3"><span class='ocrx_word' id='word_1_75' title='bbox 250 1519 376 1576; x_wconf 87' lang='lat' dir='ltr'><em>Videtur</em></span> <span class='ocrx_word' id='word_1_76' title='bbox 415 1519 504 1576; x_wconf 88' lang='lat' dir='ltr'><em>istum</em></span> <span class='ocrx_word' id='word_1_77' title='bbox 539 1540 600 1576; x_wconf 92' lang='lat' dir='ltr'><em>non</em></span> <span class='ocrx_word' id='word_1_78' title='bbox 640 1519 818 1577; x_wconf 86' lang='lat' dir='ltr'><em>contrariari</em></span> <span class='ocrx_word' id='word_1_79' title='bbox 852 1521 902 1575; x_wconf 81' lang='lat' dir='ltr'><em>sed</em></span> <span class='ocrx_word' id='word_1_80' title='bbox 932 1520 1066 1575; x_wconf 86' lang='lat' dir='ltr'><em>alludere</em></span> <span class='ocrx_word' id='word_1_81' title='bbox 1094 1516 1194 1573; x_wconf 87' lang='lat' dir='ltr'><em>sensui</em></span> 
     </span>
     <span class='ocr_line' id='line_1_13' title="bbox 207 1606 390 1680; baseline 0.022 -19"><span class='ocrx_word' id='word_1_82' title='bbox 207 1606 390 1680; x_wconf 70' lang='lat' dir='ltr'><em>supradicto</em></span> 
     </span>
    </p>
   </div>
   <div class='ocr_carea' id='block_1_3' title="bbox 589 1812 808 1878">
    <p class='ocr_par' dir='ltr' id='par_1_3' title="bbox 589 1812 808 1878">
     <span class='ocr_line' id='line_1_14' title="bbox 589 1812 808 1878; baseline -0.009 0"><span class='ocrx_word' id='word_1_83' title='bbox 589 1813 693 1878; x_wconf 90' lang='lat' dir='ltr'><strong>CAP.</strong></span> <span class='ocrx_word' id='word_1_84' title='bbox 717 1812 808 1876; x_wconf 91' lang='lat' dir='ltr'>LVI.</span> 
     </span>
    </p>
   </div>
   <div class='ocr_carea' id='block_1_4' title="bbox 167 1955 1198 2536">
    <p class='ocr_par' dir='ltr' id='par_1_4' title="bbox 252 1955 1194 2032">
     <span class='ocr_line' id='line_1_15' title="bbox 252 1955 1194 2032; baseline 0.001 -22"><span class='ocrx_word' id='word_1_85' title='bbox 252 1955 395 2029; x_wconf 78' lang='lat' dir='ltr'><em>Sequitur</em></span> <span class='ocrx_word' id='word_1_86' title='bbox 420 1957 450 2011; x_wconf 91' lang='lat' dir='ltr'><em>in</em></span> <span class='ocrx_word' id='word_1_87' title='bbox 475 1970 554 2013; x_wconf 89' lang='lat' dir='ltr'><em>textu</em></span> <span class='ocrx_word' id='word_1_88' title='bbox 579 1955 719 2013; x_wconf 87' lang='lat' dir='ltr'><em>Matthei:</em></span> <span class='ocrx_word' id='word_1_89' title='bbox 750 1957 789 2011; x_wconf 84' lang='lat' dir='ltr'><em>Et</em></span> <span class='ocrx_word' id='word_1_90' title='bbox 812 1968 880 2012; x_wconf 86' lang='lat' dir='ltr'><em>tnnc</em></span> <span class='ocrx_word' id='word_1_91' title='bbox 902 1957 1054 2032; x_wconf 83' lang='lat' dir='ltr'><em>apparebit</em></span> <span class='ocrx_word' id='word_1_92' title='bbox 1079 1955 1194 2032; x_wconf 81' lang='lat' dir='ltr'><em>signum</em></span> 
     </span>
    </p>

    <p class='ocr_par' dir='ltr' id='par_1_5' title="bbox 170 2043 1197 2120">
     <span class='ocr_line' id='line_1_16' title="bbox 170 2043 1197 2120; baseline 0.008 -29"><span class='ocrx_word' id='word_1_93' title='bbox 170 2044 195 2091; x_wconf 73' lang='lat'><em>15</em></span> <span class='ocrx_word' id='word_1_94' title='bbox 208 2043 270 2117; x_wconf 81' lang='lat' dir='ltr'><em>filii</em></span> <span class='ocrx_word' id='word_1_95' title='bbox 284 2043 408 2100; x_wconf 87' lang='lat' dir='ltr'><em>hominis</em></span> <span class='ocrx_word' id='word_1_96' title='bbox 426 2045 461 2099; x_wconf 85' lang='lat' dir='ltr'><em>de</em></span> <span class='ocrx_word' id='word_1_97' title='bbox 484 2044 555 2113; x_wconf 90' lang='lat' dir='ltr'><em>celo,</em></span> <span class='ocrx_word' id='word_1_98' title='bbox 578 2054 605 2100; x_wconf 88' lang='lat' dir='ltr'><em>et</em></span> <span class='ocrx_word' id='word_1_99' title='bbox 629 2055 694 2099; x_wconf 78' lang='lat' dir='ltr'><em>tutu</em></span> <span class='ocrx_word' id='word_1_100' title='bbox 715 2044 859 2120; x_wconf 82' lang='lat' dir='ltr'><em>plangent</em></span> <span class='ocrx_word' id='word_1_101' title='bbox 881 2062 980 2099; x_wconf 88' lang='lat' dir='ltr'><em>onmes</em></span> <span class='ocrx_word' id='word_1_102' title='bbox 1000 2044 1094 2099; x_wconf 86' lang='lat' dir='ltr'><em>tribus</em></span> <span class='ocrx_word' id='word_1_103' title='bbox 1117 2053 1197 2099; x_wconf 90' lang='lat' dir='ltr'><em>terre</em></span> 
     </span>
    </p>

    <p class='ocr_par' dir='ltr' id='par_1_6' title="bbox 207 2129 1195 2207">
     <span class='ocr_line' id='line_1_17' title="bbox 207 2129 1195 2207; baseline 0 -23"><span class='ocrx_word' id='word_1_104' title='bbox 207 2139 233 2184; x_wconf 86' lang='lat' dir='ltr'><em>et</em></span> <span class='ocrx_word' id='word_1_105' title='bbox 257 2129 393 2185; x_wconf 83' lang='lat' dir='ltr'><em>videbunt</em></span> <span class='ocrx_word' id='word_1_106' title='bbox 407 2130 505 2207; x_wconf 83' lang='lat' dir='ltr'><em>filiurn</em></span> <span class='ocrx_word' id='word_1_107' title='bbox 531 2131 655 2186; x_wconf 88' lang='lat' dir='ltr'><em>hominis</em></span> <span class='ocrx_word' id='word_1_108' title='bbox 679 2131 835 2186; x_wconf 82' lang='lat' dir='ltr'><em>uenientem</em></span> <span class='ocrx_word' id='word_1_109' title='bbox 860 2131 887 2185; x_wconf 88' lang='lat' dir='ltr'><em>in</em></span> <span class='ocrx_word' id='word_1_110' title='bbox 912 2130 1032 2186; x_wconf 81' lang='lat' dir='ltr'><em>nrrbibus</em></span> <span class='ocrx_word' id='word_1_111' title='bbox 1055 2130 1110 2186; x_wconf 88' lang='lat' dir='ltr'><em>celi</em></span> <span class='ocrx_word' id='word_1_112' title='bbox 1131 2148 1195 2185; x_wconf 88' lang='lat' dir='ltr'><em>cnm</em></span> 
     </span>
    </p>

    <p class='ocr_par' dir='ltr' id='par_1_7' title="bbox 208 2217 1195 2294">
     <span class='ocr_line' id='line_1_18' title="bbox 208 2217 1195 2294; baseline 0.003 -26"><span class='ocrx_word' id='word_1_113' title='bbox 208 2217 315 2271; x_wconf 81' lang='lat' dir='ltr'><em>uirtute</em></span> <span class='ocrx_word' id='word_1_114' title='bbox 338 2217 429 2272; x_wconf 87' lang='lat' dir='ltr'><em>multa</em></span> <span class='ocrx_word' id='word_1_115' title='bbox 454 2229 480 2273; x_wconf 89' lang='lat' dir='ltr'><em>et</em></span> <span class='ocrx_word' id='word_1_116' title='bbox 509 2218 666 2275; x_wconf 86' lang='lat' dir='ltr'><em>maiestate.</em></span> <span class='ocrx_word' id='word_1_117' title='bbox 707 2218 746 2273; x_wconf 86' lang='lat' dir='ltr'><em>Et</em></span> <span class='ocrx_word' id='word_1_118' title='bbox 773 2218 866 2273; x_wconf 87' lang='lat' dir='ltr'><em>mittet</em></span> <span class='ocrx_word' id='word_1_119' title='bbox 888 2218 1010 2294; x_wconf 79' lang='lat' dir='ltr'><em>angelos</em></span> <span class='ocrx_word' id='word_1_120' title='bbox 1042 2235 1109 2272; x_wconf 90' lang='lat' dir='ltr'><em>suos</em></span> <span class='ocrx_word' id='word_1_121' title='bbox 1132 2235 1195 2272; x_wconf 89' lang='lat' dir='ltr'><em>cum</em></span> 
     </span>
    </p>

    <p class='ocr_par' dir='ltr' id='par_1_8' title="bbox 207 2304 1196 2382">
     <span class='ocr_line' id='line_1_19' title="bbox 207 2304 1196 2382; baseline 0 -25"><span class='ocrx_word' id='word_1_122' title='bbox 207 2304 273 2358; x_wconf 85' lang='lat' dir='ltr'><em>tuba</em></span> <span class='ocrx_word' id='word_1_123' title='bbox 298 2315 325 2358; x_wconf 95' lang='lat' dir='ltr'><em>et</em></span> <span class='ocrx_word' id='word_1_124' title='bbox 350 2322 417 2359; x_wconf 83' lang='lat' dir='ltr'><em>noce</em></span> <span class='ocrx_word' id='word_1_125' title='bbox 441 2324 550 2382; x_wconf 88' lang='lat' dir='ltr'><em>magna</em></span> <span class='ocrx_word' id='word_1_126' title='bbox 574 2317 602 2361; x_wconf 88' lang='lat' dir='ltr'><em>et</em></span> <span class='ocrx_word' id='word_1_127' title='bbox 625 2305 848 2382; x_wconf 81' lang='lat' dir='ltr'><em>congregabunt</em></span> <span class='ocrx_word' id='word_1_128' title='bbox 871 2305 976 2360; x_wconf 88' lang='lat' dir='ltr'><em>electos</em></span> <span class='ocrx_word' id='word_1_129' title='bbox 999 2305 1059 2359; x_wconf 90' lang='lat' dir='ltr'><em>eins</em></span> <span class='ocrx_word' id='word_1_130' title='bbox 1087 2323 1103 2358; x_wconf 95' lang='lat' dir='ltr'><em>a</em></span> <span class='ocrx_word' id='word_1_131' title='bbox 1126 2322 1196 2378; x_wconf 86' lang='lat' dir='ltr'><em>qua·</em></span> 
     </span>
    </p>

    <p class='ocr_par' dir='ltr' id='par_1_9' title="bbox 167 2391 1198 2536">
     <span class='ocr_line' id='line_1_20' title="bbox 207 2391 1198 2467; baseline -0.001 -22"><span class='ocrx_word' id='word_1_132' title='bbox 207 2402 275 2445; x_wconf 88' lang='lat' dir='ltr'><em>tuor</em></span> <span class='ocrx_word' id='word_1_133' title='bbox 307 2391 396 2447; x_wconf 85' lang='lat' dir='ltr'><em>ventis</em></span> <span class='ocrx_word' id='word_1_134' title='bbox 428 2392 483 2448; x_wconf 91' lang='lat' dir='ltr'><em>celi</em></span> <span class='ocrx_word' id='word_1_135' title='bbox 512 2411 529 2447; x_wconf 92' lang='lat' dir='ltr'><em>a</em></span> <span class='ocrx_word' id='word_1_136' title='bbox 562 2391 683 2448; x_wconf 85' lang='lat' dir='ltr'><em>summis</em></span> <span class='ocrx_word' id='word_1_137' title='bbox 714 2392 843 2448; x_wconf 85' lang='lat' dir='ltr'><em>celorum</em></span> <span class='ocrx_word' id='word_1_138' title='bbox 880 2392 1030 2467; x_wconf 87' lang='lat' dir='ltr'><em>usquead</em></span> <span class='ocrx_word' id='word_1_139' title='bbox 1057 2391 1198 2446; x_wconf 87' lang='lat' dir='ltr'><em>terminos</em></span> 
     </span>
     <span class='ocr_line' id='line_1_21' title="bbox 167 2496 315 2536; baseline -0.034 -1"><span class='ocrx_word' id='word_1_140' title='bbox 167 2496 315 2536; x_wconf 73' lang='lat' dir='ltr'><em>aneorum.</em></span> 
     </span>
    </p>
   </div>
   <div class='ocr_carea' id='block_1_5' title="bbox 252 2564 1361 2644">
    <p class='ocr_par' dir='ltr' id='par_1_10' title="bbox 252 2564 1361 2644">
     <span class='ocr_line' id='line_1_22' title="bbox 252 2564 1361 2644; baseline -0.001 -25"><span class='ocrx_word' id='word_1_141' title='bbox 252 2566 349 2638; x_wconf 88' lang='lat' dir='ltr'><em>Super</em></span> <span class='ocrx_word' id='word_1_142' title='bbox 373 2583 434 2639; x_wconf 91' lang='lat' dir='ltr'><em>quo</em></span> <span class='ocrx_word' id='word_1_143' title='bbox 457 2567 649 2639; x_wconf 87' lang='lat' dir='ltr'><em>leronymus:</em></span> <span class='ocrx_word' id='word_1_144' title='bbox 685 2567 807 2644; x_wconf 81' lang='lat' dir='ltr'><em>Signum</em></span> <span class='ocrx_word' id='word_1_145' title='bbox 833 2566 878 2621; x_wconf 94' lang='lat' dir='ltr'><em>hic</em></span> <span class='ocrx_word' id='word_1_146' title='bbox 901 2576 951 2620; x_wconf 89' lang='lat' dir='ltr'><em>aut</em></span> <span class='ocrx_word' id='word_1_147' title='bbox 974 2564 1070 2621; x_wconf 88' lang='lat' dir='ltr'><em>crucis</em></span> <span class='ocrx_word' id='word_1_148' title='bbox 1093 2564 1198 2619; x_wconf 88' lang='lat' dir='ltr'><em>intelli·</em></span> <span class='ocrx_word' id='word_1_149' title='bbox 1259 2583 1361 2627; x_wconf 82' lang='lat' dir='ltr'><em>terome:</em></span> 
     </span>
    </p>
   </div>
   <div class='ocr_carea' id='block_1_6' title="bbox 206 2635 1399 2726">
    <p class='ocr_par' dir='ltr' id='par_1_11' title="bbox 206 2635 1399 2726">
     <span class='ocr_line' id='line_1_23' title="bbox 206 2635 1399 2726; baseline -0.005 -21"><span class='ocrx_word' id='word_1_150' title='bbox 206 2670 322 2726; x_wconf 80' lang='lat' dir='ltr'><em>gainus,</em></span> <span class='ocrx_word' id='word_1_151' title='bbox 361 2664 391 2707; x_wconf 92' lang='lat' dir='ltr'><em>ut</em></span> <span class='ocrx_word' id='word_1_152' title='bbox 429 2653 543 2707; x_wconf 83' lang='lat' dir='ltr'><em>videant</em></span> <span class='ocrx_word' id='word_1_153' title='bbox 566 2653 649 2708; x_wconf 81' lang='lat' dir='ltr'><em>iuxta</em></span> <span class='ocrx_word' id='word_1_154' title='bbox 673 2653 848 2709; x_wconf 86' lang='lat' dir='ltr'><em>Zachariam</em></span> <span class='ocrx_word' id='word_1_155' title='bbox 882 2664 909 2708; x_wconf 89' lang='lat' dir='ltr'><em>et</em></span> <span class='ocrx_word' id='word_1_156' title='bbox 930 2653 1090 2707; x_wconf 72' lang='lat' dir='ltr'><em>iohannem</em></span> <span class='ocrx_word' id='word_1_157' title='bbox 1113 2651 1200 2706; x_wconf 90' lang='lat' dir='ltr'><em>Judei</em></span> <span class='ocrx_word' id='word_1_158' title='bbox 1221 2635 1337 2690; x_wconf 66' lang='lat' dir='ltr'>T¹¹²⁵³ss¹¹</span> <span class='ocrx_word' id='word_1_159' title='bbox 1354 2637 1399 2679; x_wconf 60' lang='lat' dir='ltr'><em>*Vm</em></span> 
     </span>
    </p>
   </div>
   <div class='ocr_carea' id='block_1_7' title="bbox 207 2739 1378 2815">
    <p class='ocr_par' dir='ltr' id='par_1_12' title="bbox 207 2739 1378 2815">
     <span class='ocr_line' id='line_1_24' title="bbox 207 2739 1378 2815; baseline 0.003 -24"><span class='ocrx_word' id='word_1_160' title='bbox 207 2755 288 2811; x_wconf 86' lang='lat' dir='ltr'><em>quem</em></span> <span class='ocrx_word' id='word_1_161' title='bbox 299 2750 531 2813; x_wconf 80' lang='lat' dir='ltr'><em>conpunxerunt‚</em></span> <span class='ocrx_word' id='word_1_162' title='bbox 549 2751 599 2795; x_wconf 91' lang='lat' dir='ltr'><em>aut</em></span> <span class='ocrx_word' id='word_1_163' title='bbox 615 2741 755 2796; x_wconf 82' lang='lat' dir='ltr'><em>uexillum</em></span> <span class='ocrx_word' id='word_1_164' title='bbox 767 2739 886 2796; x_wconf 82' lang='lat' dir='ltr'><em>victorie</em></span> <span class='ocrx_word' id='word_1_165' title='bbox 901 2739 1115 2815; x_wconf 82' lang='lat' dir='ltr'><em>triumphantis,</em></span> <span class='ocrx_word' id='word_1_166' title='bbox 1132 2750 1198 2794; x_wconf 91' lang='lat' dir='ltr'><em>tnnc</em></span> <span class='ocrx_word' id='word_1_167' title='bbox 1241 2744 1279 2783; x_wconf 73' lang='lat' dir='ltr'><em>uie</em></span> <span class='ocrx_word' id='word_1_168' title='bbox 1294 2740 1337 2794; x_wconf 75' lang='lat' dir='ltr'><em>flag</em></span> <span class='ocrx_word' id='word_1_169' title='bbox 1351 2741 1378 2784; x_wconf 83' lang='lat' dir='ltr'><em>ot</em></span> 
     </span>
    </p>
   </div>
   <div class='ocr_carea' id='block_1_8' title="bbox 1213 2688 1414 2732">
    <p class='ocr_par' dir='ltr' id='par_1_13' title="bbox 1213 2688 1414 2732">
     <span class='ocr_line' id='line_1_25' title="bbox 1213 2688 1414 2732; baseline 0.005 -2"><span class='ocrx_word' id='word_1_170' title='bbox 1213 2688 1241 2730; x_wconf 86' lang='lat' dir='ltr'><em>be</em></span> <span class='ocrx_word' id='word_1_171' title='bbox 1255 2689 1292 2732; x_wconf 84' lang='lat' dir='ltr'><em>the</em></span> <span class='ocrx_word' id='word_1_172' title='bbox 1307 2700 1373 2730; x_wconf 86' lang='lat' dir='ltr'><em>cross</em></span> <span class='ocrx_word' id='word_1_173' title='bbox 1387 2700 1414 2731; x_wconf 87' lang='lat' dir='ltr'><em>ot</em></span> 
     </span>
    </p>
   </div>
   <div class='ocr_carea' id='block_1_9' title="bbox 207 2800 1357 2905">
    <p class='ocr_par' dir='ltr' id='par_1_14' title="bbox 207 2800 1357 2905">
     <span class='ocr_line' id='line_1_26' title="bbox 207 2800 1357 2905; baseline -0.005 -27"><span class='ocrx_word' id='word_1_174' title='bbox 207 2842 305 2880; x_wconf 88' lang='lat' dir='ltr'><em>omnes</em></span> <span class='ocrx_word' id='word_1_175' title='bbox 321 2827 414 2882; x_wconf 85' lang='lat' dir='ltr'><em>trihus</em></span> <span class='ocrx_word' id='word_1_176' title='bbox 429 2837 509 2882; x_wconf 91' lang='lat' dir='ltr'><em>terre</em></span> <span class='ocrx_word' id='word_1_177' title='bbox 521 2828 664 2905; x_wconf 78' lang='lat' dir='ltr'><em>plangent</em></span> <span class='ocrx_word' id='word_1_178' title='bbox 681 2828 721 2882; x_wconf 94' lang='lat' dir='ltr'><em>hii</em></span> <span class='ocrx_word' id='word_1_179' title='bbox 736 2827 784 2902; x_wconf 85' lang='lat' dir='ltr'><em>qui</em></span> <span class='ocrx_word' id='word_1_180' title='bbox 799 2827 1005 2902; x_wconf 86' lang='lat' dir='ltr'><em>mttnicipattnn</em></span> <span class='ocrx_word' id='word_1_181' title='bbox 1023 2844 1077 2881; x_wconf 89' lang='lat' dir='ltr'><em>non</em></span> <span class='ocrx_word' id='word_1_182' title='bbox 1094 2826 1198 2881; x_wconf 82' lang='lat' dir='ltr'><em>habent</em></span> <span class='ocrx_word' id='word_1_183' title='bbox 1260 2800 1357 2849; x_wconf 54' lang='lat' dir='ltr'><em>”cm</em></span> 
     </span>
    </p>
   </div>
   <div class='ocr_carea' id='block_1_10' title="bbox 166 2911 1409 3688">
    <p class='ocr_par' dir='ltr' id='par_1_15' title="bbox 166 2911 1409 3688">
     <span class='ocr_line' id='line_1_27' title="bbox 166 2911 1199 2990; baseline 0.007 -29"><span class='ocrx_word' id='word_1_184' title='bbox 166 2911 236 2964; x_wconf 58' lang='lat' dir='ltr'><em>affin</em></span> <span class='ocrx_word' id='word_1_185' title='bbox 260 2913 329 2967; x_wconf 89' lang='lat' dir='ltr'><em>celis</em></span> <span class='ocrx_word' id='word_1_186' title='bbox 352 2915 405 2968; x_wconf 89' lang='lat' dir='ltr'><em>sed</em></span> <span class='ocrx_word' id='word_1_187' title='bbox 427 2914 531 2989; x_wconf 90' lang='lat' dir='ltr'><em>scripti</em></span> <span class='ocrx_word' id='word_1_188' title='bbox 549 2925 614 2970; x_wconf 88' lang='lat' dir='ltr'><em>sunt</em></span> <span class='ocrx_word' id='word_1_189' title='bbox 639 2915 666 2969; x_wconf 88' lang='lat' dir='ltr'><em>in</em></span> <span class='ocrx_word' id='word_1_190' title='bbox 690 2926 781 2970; x_wconf 89' lang='lat' dir='ltr'><em>terra.</em></span> <span class='ocrx_word' id='word_1_191' title='bbox 808 2914 846 2969; x_wconf 85' lang='lat' dir='ltr'><em>Et</em></span> <span class='ocrx_word' id='word_1_192' title='bbox 870 2915 962 2969; x_wconf 87' lang='lat' dir='ltr'><em>mittet</em></span> <span class='ocrx_word' id='word_1_193' title='bbox 985 2913 1108 2990; x_wconf 86' lang='lat' dir='ltr'><em>angelos</em></span> <span class='ocrx_word' id='word_1_194' title='bbox 1130 2930 1199 2968; x_wconf 89' lang='lat' dir='ltr'><em>snos</em></span> 
     </span>
     <span class='ocr_line' id='line_1_28' title="bbox 210 3000 1197 3077; baseline 0.002 -24"><span class='ocrx_word' id='word_1_195' title='bbox 210 3016 273 3053; x_wconf 87' lang='lat' dir='ltr'><em>cam</em></span> <span class='ocrx_word' id='word_1_196' title='bbox 298 3000 375 3054; x_wconf 81' lang='lat' dir='ltr'><em>utha.</em></span> <span class='ocrx_word' id='word_1_197' title='bbox 401 3000 447 3056; x_wconf 85' lang='lat' dir='ltr'><em>De</em></span> <span class='ocrx_word' id='word_1_198' title='bbox 471 3002 524 3058; x_wconf 93' lang='lat' dir='ltr'><em>hac</em></span> <span class='ocrx_word' id='word_1_199' title='bbox 548 3002 614 3056; x_wconf 85' lang='lat' dir='ltr'><em>tuba</em></span> <span class='ocrx_word' id='word_1_200' title='bbox 639 3012 665 3056; x_wconf 89' lang='lat' dir='ltr'><em>et</em></span> <span class='ocrx_word' id='word_1_201' title='bbox 688 3002 845 3077; x_wconf 83' lang='lat' dir='ltr'><em>Apostolus</em></span> <span class='ocrx_word' id='word_1_202' title='bbox 869 3002 997 3076; x_wconf 88' lang='lat' dir='ltr'><em>loquitur</em></span> <span class='ocrx_word' id='word_1_203' title='bbox 1019 3011 1046 3056; x_wconf 83' lang='lat' dir='ltr'><em>et</em></span> <span class='ocrx_word' id='word_1_204' title='bbox 1069 3000 1096 3055; x_wconf 90' lang='lat' dir='ltr'><em>in</em></span> <span class='ocrx_word' id='word_1_205' title='bbox 1120 3001 1197 3075; x_wconf 85' lang='lat' dir='ltr'><em>Apo·</em></span> 
     </span>
     <span class='ocr_line' id='line_1_29' title="bbox 209 3085 1199 3162; baseline 0.004 -23"><span class='ocrx_word' id='word_1_206' title='bbox 209 3085 328 3162; x_wconf 79' lang='lat' dir='ltr'><em>calypsi</em></span> <span class='ocrx_word' id='word_1_207' title='bbox 349 3087 489 3142; x_wconf 86' lang='lat' dir='ltr'><em>lohannis</em></span> <span class='ocrx_word' id='word_1_208' title='bbox 512 3099 538 3143; x_wconf 88' lang='lat' dir='ltr'><em>et</em></span> <span class='ocrx_word' id='word_1_209' title='bbox 562 3088 589 3143; x_wconf 89' lang='lat' dir='ltr'><em>in</em></span> <span class='ocrx_word' id='word_1_210' title='bbox 615 3088 707 3143; x_wconf 84' lang='lat' dir='ltr'><em>veteri</em></span> <span class='ocrx_word' id='word_1_211' title='bbox 728 3099 898 3144; x_wconf 86' lang='lat' dir='ltr'><em>testamento</em></span> <span class='ocrx_word' id='word_1_212' title='bbox 922 3089 988 3144; x_wconf 87' lang='lat' dir='ltr'><em>tube</em></span> <span class='ocrx_word' id='word_1_213' title='bbox 1015 3088 1137 3143; x_wconf 84' lang='lat' dir='ltr'><em>ductiles</em></span> <span class='ocrx_word' id='word_1_214' title='bbox 1161 3104 1199 3143; x_wconf 78' lang='lat' dir='ltr'><em>ex</em></span> 
     </span>
     <span class='ocr_line' id='line_1_30' title="bbox 207 3175 1197 3252; baseline 0.005 -26"><span class='ocrx_word' id='word_1_215' title='bbox 207 3190 290 3243; x_wconf 86' lang='lat' dir='ltr'><em>auro,</em></span> <span class='ocrx_word' id='word_1_216' title='bbox 314 3192 363 3228; x_wconf 88' lang='lat' dir='ltr'><em>cre</em></span> <span class='ocrx_word' id='word_1_217' title='bbox 383 3186 563 3252; x_wconf 83' lang='lat' dir='ltr'><em>argentoque</em></span> <span class='ocrx_word' id='word_1_218' title='bbox 576 3175 651 3250; x_wconf 84' lang='lat' dir='ltr'><em>fleri</em></span> <span class='ocrx_word' id='word_1_219' title='bbox 670 3175 882 3251; x_wconf 81' lang='lat' dir='ltr'><em>precipiantur,</em></span> <span class='ocrx_word' id='word_1_220' title='bbox 912 3187 941 3230; x_wconf 88' lang='lat' dir='ltr'><em>ut</em></span> <span class='ocrx_word' id='word_1_221' title='bbox 971 3175 1104 3231; x_wconf 86' lang='lat' dir='ltr'><em>sublimia</em></span> <span class='ocrx_word' id='word_1_222' title='bbox 1129 3175 1197 3231; x_wconf 89' lang='lat' dir='ltr'><em>doc·</em></span> 
     </span>
     <span class='ocr_line' id='line_1_31' title="bbox 208 3259 1032 3335; baseline 0.006 -22"><span class='ocrx_word' id='word_1_223' title='bbox 208 3259 353 3314; x_wconf 87' lang='lat' dir='ltr'><em>trinarum</em></span> <span class='ocrx_word' id='word_1_224' title='bbox 379 3273 514 3317; x_wconf 87' lang='lat' dir='ltr'><em>resonent</em></span> <span class='ocrx_word' id='word_1_225' title='bbox 537 3273 732 3318; x_wconf 86' lang='lat' dir='ltr'><em>sacramenta.</em></span> <span class='ocrx_word' id='word_1_226' title='bbox 757 3265 819 3319; x_wconf 92' lang='lat' dir='ltr'><em>Hec</em></span> <span class='ocrx_word' id='word_1_227' title='bbox 842 3265 1032 3335; x_wconf 87' lang='lat' dir='ltr'><em>leronymus.</em></span> 
     </span>
     <span class='ocr_line' id='line_1_32' title="bbox 167 3345 1409 3423; baseline 0.004 -24"><span class='ocrx_word' id='word_1_228' title='bbox 167 3350 197 3395; x_wconf 73' lang='lat'><em>30</em></span> <span class='ocrx_word' id='word_1_229' title='bbox 251 3345 376 3403; x_wconf 90' lang='lat' dir='ltr'><em>Videtur</em></span> <span class='ocrx_word' id='word_1_230' title='bbox 412 3348 502 3404; x_wconf 88' lang='lat' dir='ltr'><em>istum</em></span> <span class='ocrx_word' id='word_1_231' title='bbox 542 3362 681 3406; x_wconf 90' lang='lat' dir='ltr'><em>sanctum</em></span> <span class='ocrx_word' id='word_1_232' title='bbox 720 3348 888 3423; x_wconf 84' lang='lat' dir='ltr'><em>intelligere</em></span> <span class='ocrx_word' id='word_1_233' title='bbox 922 3351 978 3405; x_wconf 88' lang='lat' dir='ltr'><em>hoc</em></span> <span class='ocrx_word' id='word_1_234' title='bbox 1008 3349 1409 3422; x_wconf 61' lang='lat' dir='ltr'><em>evangeliumcnsiuaoanor</em></span> 
     </span>
     <span class='ocr_line' id='line_1_33' title="bbox 207 3420 1404 3526; baseline 0.003 -39"><span class='ocrx_word' id='word_1_235' title='bbox 207 3433 290 3506; x_wconf 92' lang='lat' dir='ltr'><em>loqui</em></span> <span class='ocrx_word' id='word_1_236' title='bbox 329 3437 367 3490; x_wconf 87' lang='lat' dir='ltr'><em>ad</em></span> <span class='ocrx_word' id='word_1_237' title='bbox 399 3434 529 3492; x_wconf 85' lang='lat' dir='ltr'><em>litteram</em></span> <span class='ocrx_word' id='word_1_238' title='bbox 565 3438 601 3492; x_wconf 94' lang='lat' dir='ltr'><em>de</em></span> <span class='ocrx_word' id='word_1_239' title='bbox 635 3436 683 3493; x_wconf 91' lang='lat' dir='ltr'><em>die</em></span> <span class='ocrx_word' id='word_1_240' title='bbox 716 3435 894 3506; x_wconf 82' lang='lat' dir='ltr'><em>novissim03</em></span> <span class='ocrx_word' id='word_1_241' title='bbox 941 3439 991 3492; x_wconf 85' lang='lat' dir='ltr'><em>sed</em></span> <span class='ocrx_word' id='word_1_242' title='bbox 1017 3449 1088 3492; x_wconf 91' lang='lat' dir='ltr'><em>nota</em></span> <span class='ocrx_word' id='word_1_243' title='bbox 1115 3437 1196 3510; x_wconf 87' lang='lat' dir='ltr'><em>quod</em></span> <span class='ocrx_word' id='word_1_244' title='bbox 1215 3420 1332 3516; x_wconf 44' lang='lat' dir='ltr'><em>{²3}thssss</em></span> <span class='ocrx_word' id='word_1_245' title='bbox 1344 3432 1404 3526; x_wconf 50' lang='lat'><em>{332⁰</em></span> 
     </span>
     <span class='ocr_line' id='line_1_34' title="bbox 208 3520 1396 3596; baseline 0.004 -22"><span class='ocrx_word' id='word_1_246' title='bbox 208 3520 345 3576; x_wconf 90' lang='lat' dir='ltr'><em>Christus</em></span> <span class='ocrx_word' id='word_1_247' title='bbox 373 3540 526 3579; x_wconf 88' lang='lat' dir='ltr'><em>sermones</em></span> <span class='ocrx_word' id='word_1_248' title='bbox 559 3541 629 3579; x_wconf 88' lang='lat' dir='ltr'><em>suos</em></span> <span class='ocrx_word' id='word_1_249' title='bbox 662 3523 762 3580; x_wconf 88' lang='lat' dir='ltr'><em>taliter</em></span> <span class='ocrx_word' id='word_1_250' title='bbox 796 3523 973 3590; x_wconf 87' lang='lat' dir='ltr'><em>moderavit,</em></span> <span class='ocrx_word' id='word_1_251' title='bbox 1013 3537 1044 3578; x_wconf 85' lang='lat' dir='ltr'><em>ut</em></span> <span class='ocrx_word' id='word_1_252' title='bbox 1078 3536 1197 3596; x_wconf 85' lang='lat' dir='ltr'><em>tempus</em></span> <span class='ocrx_word' id='word_1_253' title='bbox 1224 3524 1396 3579; x_wconf 76' lang='lat' dir='ltr'><em>tuedaysuatt</em></span> 
     </span>
     <span class='ocr_line' id='line_1_35' title="bbox 208 3588 1359 3688; baseline 0.003 -27"><span class='ocrx_word' id='word_1_254' title='bbox 208 3606 293 3662; x_wconf 90' lang='lat' dir='ltr'><em>istius</em></span> <span class='ocrx_word' id='word_1_255' title='bbox 326 3607 384 3665; x_wconf 90' lang='lat' dir='ltr'><em>diei</em></span> <span class='ocrx_word' id='word_1_256' title='bbox 418 3609 455 3665; x_wconf 88' lang='lat' dir='ltr'><em>sit</em></span> <span class='ocrx_word' id='word_1_257' title='bbox 479 3609 566 3666; x_wconf 86' lang='lat' dir='ltr'><em>nobis</em></span> <span class='ocrx_word' id='word_1_258' title='bbox 590 3610 812 3688; x_wconf 81' lang='lat' dir='ltr'><em>absconditum,</em></span> <span class='ocrx_word' id='word_1_259' title='bbox 850 3611 928 3667; x_wconf 88' lang='lat' dir='ltr'><em>sicut</em></span> <span class='ocrx_word' id='word_1_260' title='bbox 961 3625 1028 3684; x_wconf 90' lang='lat' dir='ltr'><em>post</em></span> <span class='ocrx_word' id='word_1_261' title='bbox 1063 3610 1136 3666; x_wconf 85' lang='lat' dir='ltr'><em>dicit</em></span> <span class='ocrx_word' id='word_1_262' title='bbox 1169 3622 1197 3665; x_wconf 91' lang='lat' dir='ltr'><em>et</em></span> <span class='ocrx_word' id='word_1_263' title='bbox 1265 3588 1359 3631; x_wconf 76' lang='lat' dir='ltr'><em>appear.</em></span> 
     </span>
    </p>
   </div>
   <div class='ocr_carea' id='block_1_11' title="bbox 209 3692 1197 3772">
    <p class='ocr_par' dir='ltr' id='par_1_16' title="bbox 209 3692 1197 3772">
     <span class='ocr_line' id='line_1_36' title="bbox 209 3692 1197 3772; baseline 0.004 -24"><span class='ocrx_word' id='word_1_264' title='bbox 209 3692 303 3749; x_wconf 87' lang='lat' dir='ltr'><em>filium</em></span> <span class='ocrx_word' id='word_1_265' title='bbox 330 3708 359 3751; x_wconf 88' lang='lat' dir='ltr'><em>et</em></span> <span class='ocrx_word' id='word_1_266' title='bbox 383 3697 506 3770; x_wconf 84' lang='lat' dir='ltr'><em>angelos</em></span> <span class='ocrx_word' id='word_1_267' title='bbox 531 3697 656 3753; x_wconf 88' lang='lat' dir='ltr'><em>nescire.</em></span> <span class='ocrx_word' id='word_1_268' title='bbox 698 3697 776 3754; x_wconf 88' lang='lat' dir='ltr'><em>Dicit</em></span> <span class='ocrx_word' id='word_1_269' title='bbox 800 3697 918 3772; x_wconf 90' lang='lat' dir='ltr'><em>itaque:</em></span> <span class='ocrx_word' id='word_1_270' title='bbox 943 3711 1014 3753; x_wconf 89' lang='lat' dir='ltr'><em>tunc</em></span> <span class='ocrx_word' id='word_1_271' title='bbox 1038 3695 1197 3770; x_wconf 83' lang='lat' dir='ltr'><em>apparebit</em></span> 
     </span>
    </p>
   </div>
   <div class='ocr_carea' id='block_1_12' title="bbox 206 4028 1195 4185">
    <p class='ocr_par' dir='ltr' id='par_1_17' title="bbox 206 4028 1195 4185">
     <span class='ocr_line' id='line_1_37' title="bbox 259 4028 1187 4085; baseline 0.003 -15"><span class='ocrx_word' id='word_1_272' title='bbox 259 4041 282 4081; x_wconf 79' lang='lat' dir='ltr'><em>n.</em></span> <span class='ocrx_word' id='word_1_273' title='bbox 298 4030 331 4070; x_wconf 74' lang='lat' dir='ltr'><em>A:</em></span> <span class='ocrx_word' id='word_1_274' title='bbox 347 4028 489 4072; x_wconf 83' lang='lat' dir='ltr'><em>racionales.</em></span> <span class='ocrx_word' id='word_1_275' title='bbox 573 4030 600 4072; x_wconf 82' lang='lat'><em>13.</em></span> <span class='ocrx_word' id='word_1_276' title='bbox 616 4032 649 4073; x_wconf 79' lang='lat' dir='ltr'><em>A:</em></span> <span class='ocrx_word' id='word_1_277' title='bbox 666 4030 722 4085; x_wconf 87' lang='lat' dir='ltr'><em>Cap.</em></span> <span class='ocrx_word' id='word_1_278' title='bbox 739 4028 791 4080; x_wconf 87' lang='lat' dir='ltr'><em>LV,·</em></span> <span class='ocrx_word' id='word_1_279' title='bbox 807 4031 835 4072; x_wconf 80' lang='lat' dir='ltr'><em>B:</em></span> <span class='ocrx_word' id='word_1_280' title='bbox 851 4030 886 4073; x_wconf 83' lang='lat'><em>56.</em></span> <span class='ocrx_word' id='word_1_281' title='bbox 968 4042 998 4077; x_wconf 80' lang='lat' dir='ltr'><em>to.</em></span> <span class='ocrx_word' id='word_1_282' title='bbox 1015 4033 1049 4074; x_wconf 76' lang='lat' dir='ltr'><em>A:</em></span> <span class='ocrx_word' id='word_1_283' title='bbox 1065 4031 1112 4074; x_wconf 89' lang='lat' dir='ltr'><em>celi</em></span> <span class='ocrx_word' id='word_1_284' title='bbox 1124 4030 1187 4073; x_wconf 85' lang='lat' dir='ltr'><em>deest</em></span> 
     </span>
     <span class='ocr_line' id='line_1_38' title="bbox 208 4078 1195 4137; baseline 0.003 -16"><span class='ocrx_word' id='word_1_285' title='bbox 208 4093 236 4123; x_wconf 78' lang='lat' dir='ltr'><em>st.</em></span> <span class='ocrx_word' id='word_1_286' title='bbox 256 4082 277 4123; x_wconf 81' lang='grc' dir='ltr'>Α</span> <span class='ocrx_word' id='word_1_287' title='bbox 297 4081 319 4123; x_wconf 92' lang='lat' dir='ltr'><em>iu</em></span> <span class='ocrx_word' id='word_1_288' title='bbox 336 4092 421 4123; x_wconf 67' lang='lat' dir='ltr'><em>marn:</em></span> <span class='ocrx_word' id='word_1_289' title='bbox 436 4080 581 4136; x_wconf 82' lang='lat' dir='ltr'><em>leronymus.</em></span> <span class='ocrx_word' id='word_1_290' title='bbox 671 4095 706 4137; x_wconf 62' lang='lat'><em>²¹}-</em></span> <span class='ocrx_word' id='word_1_291' title='bbox 729 4085 760 4125; x_wconf 77' lang='lat' dir='ltr'><em>A:</em></span> <span class='ocrx_word' id='word_1_292' title='bbox 781 4084 890 4127; x_wconf 76' lang='lat' dir='ltr'><em>laturre.</em></span> <span class='ocrx_word' id='word_1_293' title='bbox 975 4078 1010 4127; x_wconf 81' lang='grc' dir='ltr'><em>3ο.</em></span> <span class='ocrx_word' id='word_1_294' title='bbox 1031 4085 1051 4127; x_wconf 85' lang='grc' dir='ltr'>Α</span> <span class='ocrx_word' id='word_1_295' title='bbox 1070 4084 1094 4126; x_wconf 93' lang='lat' dir='ltr'><em>in</em></span> <span class='ocrx_word' id='word_1_296' title='bbox 1109 4094 1195 4137; x_wconf 59' lang='lat' dir='ltr'><em>marg:</em></span> 
     </span>
     <span class='ocr_line' id='line_1_39' title="bbox 206 4133 631 4185; baseline 0.002 -9"><span class='ocrx_word' id='word_1_297' title='bbox 206 4133 329 4176; x_wconf 85' lang='lat' dir='ltr'><em>lohannes.</em></span> <span class='ocrx_word' id='word_1_298' title='bbox 385 4135 414 4178; x_wconf 82' lang='lat'><em>31.</em></span> <span class='ocrx_word' id='word_1_299' title='bbox 435 4137 468 4176; x_wconf 73' lang='lat' dir='ltr'><em>A:</em></span> <span class='ocrx_word' id='word_1_300' title='bbox 484 4136 547 4185; x_wconf 85' lang='lat' dir='ltr'><em>auod</em></span> <span class='ocrx_word' id='word_1_301' title='bbox 560 4134 631 4177; x_wconf 84' lang='lat' dir='ltr'><em>deest.</em></span> 
     </span>
    </p>
   </div>
   <div class='ocr_carea' id='block_1_13' title="bbox 208 4276 1195 4466">
    <p class='ocr_par' dir='ltr' id='par_1_18' title="bbox 208 4276 1195 4466">
     <span class='ocr_line' id='line_1_40' title="bbox 263 4276 1192 4343; baseline 0.001 -18"><span class='ocrx_word' id='word_1_302' title='bbox 263 4276 300 4326; x_wconf 78' lang='lat'><em>15.</em></span> <span class='ocrx_word' id='word_1_303' title='bbox 320 4277 409 4326; x_wconf 84' lang='lat' dir='ltr'><em>Matth.</em></span> <span class='ocrx_word' id='word_1_304' title='bbox 424 4279 512 4338; x_wconf 79' lang='lat' dir='ltr'><em>xxtV,</em></span> <span class='ocrx_word' id='word_1_305' title='bbox 529 4279 567 4340; x_wconf 81' lang='lat'><em>30,</em></span> <span class='ocrx_word' id='word_1_306' title='bbox 589 4281 629 4331; x_wconf 78' lang='lat'><em>3¹.</em></span> <span class='ocrx_word' id='word_1_307' title='bbox 686 4295 726 4328; x_wconf 88' lang='lat'><em>22.</em></span> <span class='ocrx_word' id='word_1_308' title='bbox 737 4280 840 4328; x_wconf 88' lang='lat' dir='ltr'><em>Comm.</em></span> <span class='ocrx_word' id='word_1_309' title='bbox 852 4282 877 4328; x_wconf 87' lang='lat' dir='ltr'><em>in</em></span> <span class='ocrx_word' id='word_1_310' title='bbox 891 4279 980 4328; x_wconf 89' lang='lat' dir='ltr'><em>Matth.</em></span> <span class='ocrx_word' id='word_1_311' title='bbox 992 4280 1007 4328; x_wconf 95' lang='lat' dir='ltr'><em>l.</em></span> <span class='ocrx_word' id='word_1_312' title='bbox 1024 4296 1045 4329; x_wconf 88' lang='lat' dir='ltr'><em>c.</em></span> <span class='ocrx_word' id='word_1_313' title='bbox 1064 4295 1122 4343; x_wconf 80' lang='lat' dir='ltr'><em>pag.</em></span> <span class='ocrx_word' id='word_1_314' title='bbox 1141 4278 1192 4342; x_wconf 75' lang='lat'>108.</span> 
     </span>
     <span class='ocr_line' id='line_1_41' title="bbox 208 4347 1195 4466; baseline 0.002 -72"><span class='ocrx_word' id='word_1_315' title='bbox 208 4347 408 4466; x_wconf 43' lang='lat' dir='ltr'><em>3311?ssle</em></span> <span class='ocrx_word' id='word_1_316' title='bbox 426 4349 484 4398; x_wconf 72' lang='lat' dir='ltr'><em>toti.</em></span> <span class='ocrx_word' id='word_1_317' title='bbox 503 4349 567 4398; x_wconf 84' lang='lat' dir='ltr'><strong>XIX.</strong></span> <span class='ocrx_word' id='word_1_318' title='bbox 622 4347 662 4399; x_wconf 72' lang='lat' dir='ltr'><em>so.</em></span> <span class='ocrx_word' id='word_1_319' title='bbox 678 4351 694 4398; x_wconf 91' lang='lat' dir='ltr'><em>l.</em></span> <span class='ocrx_word' id='word_1_320' title='bbox 709 4350 767 4398; x_wconf 85' lang='lat' dir='ltr'><em>Cor.</em></span> <span class='ocrx_word' id='word_1_321' title='bbox 780 4350 834 4410; x_wconf 86' lang='lat' dir='ltr'><em>XV,</em></span> <span class='ocrx_word' id='word_1_322' title='bbox 854 4351 871 4399; x_wconf 91' lang='lat' dir='ltr'><em>l.</em></span> <span class='ocrx_word' id='word_1_323' title='bbox 890 4349 984 4398; x_wconf 84' lang='lat' dir='ltr'><em>Thess.</em></span> <span class='ocrx_word' id='word_1_324' title='bbox 1004 4350 1046 4411; x_wconf 92' lang='lat' dir='ltr'><em>lV,</em></span> <span class='ocrx_word' id='word_1_325' title='bbox 1066 4349 1195 4414; x_wconf 78' lang='lat' dir='ltr'><em>np.vtt1,</em></span> 
     </span>
    </p>
   </div>
   <div class='ocr_carea' id='block_1_14' title="bbox 0 0 1554 5130">
    <p class='ocr_par' dir='ltr' id='par_1_19' title="bbox 0 0 1554 5130">
     <span class='ocr_line' id='line_1_42' title="bbox 0 0 1554 5130; baseline 0 0"><span class='ocrx_word' id='word_1_326' title='bbox 0 0 1554 5130; x_wconf 95' lang='lat' dir='ltr'><em> </em></span> 
     </span>
    </p>
   </div>
  </div>
 </body>
</html>
