3098 5130
575 487 663 533 otus
684 487 934 536 eviuossticcu
957 488 1017 535 tm.
1039 488 1079 536 m.
1184 471 1265 553 [car.
1282 486 1330 529 ii.

344 647 396 702 Dei
421 647 602 701 servandum
627 660 750 702 vocetur
780 647 870 702 Pater
891 649 1072 703 beatissimus
1101 663 1131 703 et
1158 652 1240 722 quod
1266 650 1330 723 ipse

342 748 395 788 aut
418 732 463 788 sui
488 732 622 806 episcopi
646 747 781 806 pugnent
803 753 857 807 pro
881 735 1098 807 temporalibus
1115 751 1221 792 contra
1245 755 1330 792 man·

342 822 446 877 datum
473 821 594 875 Domini
627 820 834 894 adquirendis.
873 820 1010 878 Christus
1042 837 1144 878 tamen
1167 843 1223 896 pro
1245 825 1331 880 colli-

344 910 442 979 gendo
468 910 613 963 honorem
634 907 764 963 Domino
789 924 962 964 mensurate
985 909 1083 966 renuit
1105 910 1206 967 vocari
1230 913 1330 968 bonus

343 1009 372 1051 ct
409 997 446 1050 de
479 995 611 1050 llurtino
644 995 754 1069 legitur
788 998 872 1070 quod
902 997 1058 1070 respondit
1092 997 1202 1053 cesari:
1241 999 1354 1055 stitess

345 1082 458 1137 Christi
478 1101 543 1137 sum
567 1095 594 1137 et
618 1084 706 1138 miclti
724 1102 863 1161 pugnare
885 1102 940 1138 non
964 1085 1037 1139 licet.
1078 1087 1231 1154 Quantum
1256 1103 1330 1160 ergo

343 1170 432 1226 hodie
462 1170 612 1225 sardanas
646 1189 801 1226 conversus
834 1182 877 1226 est
900 1183 1075 1239 retrorsum,
1113 1185 1194 1246 patet
1232 1172 1328 1229 iuxta-

343 1260 485 1331 ponendo
509 1258 760 1314 conversaciones
782 1272 810 1313 et
827 1257 902 1313 vitas
926 1261 1112 1332 prelatorum
1136 1259 1217 1315 iuxta
1233 1259 1328 1316 vitam

343 1360 371 1401 et
397 1346 532 1418 regulum
559 1345 681 1400 Domini
704 1347 773 1400 lesu
797 1345 919 1401 Christi.

130 1437 147 1468 ³·
163 1427 326 1532 Tp¹fjnfffffl¹⁰³¹
385 1431 499 1502 Quinta
523 1432 677 1488 conclusio
701 1432 743 1488 sic
768 1433 928 1488 formatur:
953 1434 1078 1506 Signum
1103 1432 1238 1489 caritatis
1261 1452 1374 1508 per-10

131 1534 220 1574 enimv
238 1534 315 1593 wiiutt
342 1521 418 1576 t'ecte
443 1520 519 1576 toret
542 1519 574 1575 in
598 1519 722 1576 brachio
738 1519 865 1576 seculari
889 1522 1033 1576 reducere
1057 1521 1170 1576 clerum
1194 1520 1327 1578 viantem

126 1588 379 1692 Μῖἷᾛῗῗζξμαά
412 1607 641 1663 ordinacionem
681 1627 772 1681 quam
812 1606 949 1664 Christus
981 1607 1110 1664 instituit
1142 1609 1223 1664 clero
1261 1627 1324 1666 suo.

159 1691 296 1786 ffiffij
316 1687 323 1695 ’
341 1697 493 1751 Suadetur
516 1714 570 1768 per
594 1697 650 1751 hoc
684 1696 765 1770 quod
793 1709 914 1750 sonaret
946 1694 976 1751 in
1000 1696 1127 1751 salutem
1157 1695 1258 1752 anime
1281 1698 1328 1753 vel

341 1783 447 1838 saltem
478 1782 704 1855 mitigucionem
728 1800 805 1855 pene
832 1781 904 1837 cleri
933 1781 1049 1840 cesarii.
1087 1783 1145 1839 Sed
1170 1784 1227 1839 hoc
1251 1784 1328 1841 foret

342 1869 462 1943 signum
495 1870 616 1925 evidens
650 1869 795 1937 caritatis,
828 1887 896 1925 curn
926 1868 1042 1943 precise
1066 1871 1104 1926 de
1126 1883 1210 1927 tanto
1234 1871 1371 1932 homati

342 1956 498 2014 caritative
521 1957 617 2029 diligit
636 1957 805 2031 proximum
822 1971 1061 2016 conversantem.
1089 1959 1120 2012 ln
1144 1957 1229 2013 cuius
1252 1977 1327 2015 con·

344 2043 552 2100 tirmacionem
570 2046 664 2119 Apoc.
688 2046 736 2111 111,
766 2063 800 2115 ia
824 2043 978 2100 scribitur:
1004 2044 1071 2122 Ego
1093 2063 1165 2120 qnos
1187 2065 1253 2102 anto
1276 2065 1326 2101 ar-

340 2151 401 2207 guo
424 2144 451 2186 et
474 2133 597 2208 castigo.
622 2135 658 2188 Et
675 2134 754 2188 Luce
778 2132 851 2191 xiv,
876 2131 913 2188 23
940 2132 970 2187 in
995 2132 1139 2205 parabola
1163 2133 1327 2190 Salvatoris

343 2218 452 2292 legitur
483 2221 639 2293 quomodo
665 2218 811 2274 Dominus
842 2220 965 2274 mandat
996 2238 1082 2275 serto
1114 2238 1169 2276 suo
1192 2233 1224 2276 ut
1247 2221 1328 2276 exiat

341 2308 369 2360 in
394 2307 454 2360 rias
471 2319 498 2361 et
513 2325 596 2383 sepes
622 2319 650 2362 et
672 2306 829 2382 compellat
847 2307 969 2371 intrare,
992 2317 1023 2360 ut
1046 2307 1203 2381 impleatur
1224 2309 1371 2371 domurn,

342 2392 478 2456 ecclesie,
513 2413 568 2450 nec
592 2393 700 2468 aliquis
736 2408 768 2449 ut
792 2406 900 2466 reputo
923 2392 979 2449 nisi
1012 2396 1154 2450 seductus
1182 2396 1325 2468 dogmate

342 2480 462 2553 dyaboli
488 2481 536 2537 isti
560 2480 713 2538 sentencie
736 2479 934 2540 contradicet.

732 2703 837 2766 CAP.
859 2702 935 2765 LII.

384 2849 528 2924 Sequitur
552 2848 582 2905 in
606 2862 687 2904 textu
712 2847 854 2904 matthei:
883 2847 951 2903 Erit
978 2847 1052 2902 enirn
1080 2858 1148 2902 tunc
1171 2849 1324 2904 tribulacio

341 2956 449 3013 ›riagna
472 2936 566 3011 arealis
581 2954 736 3010 nuncetiam
752 2936 817 3009 suit
838 2936 874 2990 ab
897 2935 981 2991 inicio
1005 2935 1107 2989 mundi
1128 2953 1216 3010 usque
1238 2937 1366 3000 modo25

341 3043 429 3099 ireque
452 3024 526 3101 Jiet:
557 3033 584 3080 et
612 3023 668 3079 nisi
693 3023 818 3079 breviati
830 3023 962 3097 fuissent
990 3022 1051 3078 dies
1073 3022 1126 3092 itti,
1165 3041 1220 3077 non
1234 3022 1324 3098 fieret

340 3113 422 3167 nilea
446 3111 539 3167 mimis
556 3129 626 3167 caro
649 3110 703 3166 sed
713 3122 839 3186 propter
853 3111 959 3166 electos
974 3110 1183 3165 breviabuntur
1199 3108 1322 3166 diesille

384 3201 481 3273 Super
505 3218 566 3272 quo
581 3200 775 3272 leronymus:
799 3198 988 3253 abbreviatos
1013 3197 1072 3252 dies
1088 3216 1143 3252 non
1166 3197 1323 3253 secundum

341 3287 565 3342 deliramentum
589 3286 772 3360 qttortmdam
796 3285 846 3359 qui
864 3295 969 3360 putant
991 3294 1154 3358 temporum
1179 3295 1323 3340 momenta
1406 3317 1413 3323 -

340 3374 452 3429 minari
482 3392 533 3429 nec
566 3374 762 3429 recordantur
785 3372 863 3428 illius
894 3372 1011 3447 scripti:
1047 3371 1243 3428 Ordinacione
1274 3383 1323 3427 tua
1335 3392 1367 3440 30

337 3473 509 3536 perseuerat
542 3461 612 3527 dies,
644 3461 696 3516 sed
727 3461 810 3515 inita
833 3471 996 3534 temporum
1024 3459 1190 3532 qualitatem
1218 3460 1325 3516 sentire

340 3548 485 3617 debemus,
518 3549 550 3602 id
576 3560 628 3613 est,
656 3548 841 3604 abbreviatos
869 3566 924 3603 ium
952 3564 1088 3602 mensura
1119 3547 1172 3602 sed
1194 3565 1324 3614 numera,

340 3647 369 3690 ut
401 3637 546 3710 qttomodo
581 3636 608 3690 in
647 3636 845 3691 benediccione
877 3633 984 3689 dicitur
1007 3633 1188 3711 longitudine
1211 3634 1323 3688 dierum

341 3724 458 3798 replebo
482 3742 555 3779 euin.
582 3723 629 3777 Sic
653 3734 679 3777 et
703 3741 777 3778 nnnc
794 3721 955 3777 abbreviati
978 3720 1038 3776 dies
1061 3720 1266 3797 intelligantur
1290 3739 1324 3776 ne

390 4073 411 4105 ti.
427 4064 460 4107 A:
479 4066 580 4118 Quanto.
623 4075 653 4106 io.
665 4065 686 4106 A
697 4063 719 4106 in
732 4075 819 4116 marn:
832 4063 920 4116 Qttt'nta
930 4062 1055 4105 conclusio.
1097 4061 1126 4103 18.
1136 4061 1169 4103 A:
1184 4059 1244 4103 Luce
1253 4060 1321 4102 XVII.

339 4115 369 4159 Α
387 4118 419 4160 Α;
438 4115 658 4167 (Ᾰτρ.1,11;13;5’.’.
714 4126 750 4164 at.
769 4117 803 4158 A:
825 4115 884 4156 enim
900 4115 969 4158 deest.
1023 4114 1235 4167 28.Aiumatg.:
1255 4113 1322 4155 lero-

337 4181 423 4215 nrmtts.

391 4294 413 4342 5.
433 4296 515 4343 Setm.
536 4294 577 4354 lV,
599 4292 655 4344 385.
712 4308 736 4359 7.
757 4294 852 4342 Psalm.
872 4293 958 4354 Clllll,
980 4294 1003 4343 3.
1063 4305 1103 4352 24.
1123 4288 1211 4339 Matth.
1231 4291 1321 4347 xxiv.

339 4378 378 4420 at,
393 4377 431 4412 aa.
451 4364 556 4411 Cotum.
576 4365 600 4411 in
616 4361 705 4412 llutth.
725 4363 740 4411 l.
755 4377 777 4412 c.
795 4377 853 4427 pag.
871 4360 927 4428 196.
984 4362 1023 4411 30.
1039 4360 1134 4408 Psalm.
1149 4359 1259 4420 clxviii,
1278 4375 1319 4426 9¹·

339 4434 378 4493 la.
399 4432 484 4482 l'tulm
505 4432 557 4492 XC,
582 4430 637 4481 itit.
