3098 5130
585 472 675 522 oens
693 473 948 524 Evunossmcuu
968 473 1031 523 ιιιε.
1051 474 1092 524 ιιι.
1131 454 1215 539 [cuo.
1232 467 1335 515 xxxv.

341 635 439 712 magis
455 635 491 689 de
505 633 757 691 consummacione
778 632 879 689 mundi
893 632 1022 710 positam
1043 650 1105 690 εεεε
1123 633 1338 710 propheciam:

341 732 408 778 tnnc
430 721 505 778 sicut
530 720 613 777 docet
639 720 776 777 Christus
798 721 839 777 ad
862 732 1017 798 utrumque
1043 731 1087 778 est
1109 720 1229 778 dictum.
1260 722 1337 779 Sunt

174 818 277 863 Daniele
340 820 437 865 autern
462 807 550 864 verba
574 808 642 863 illa:
663 807 696 863 ln
721 807 842 865 dimidio
864 808 982 884 septimi
1002 808 1072 864 anni
1092 809 1250 885 auferetur
1265 809 1336 889 iuge

126 936 155 980 ap
166 884 226 969 ''11¹2ss
229 873 286 969 ’ζζῖζ
301 929 325 966 ,ο
340 896 518 972 sacrificium
536 905 562 952 et
578 895 759 951 abominatio
776 896 968 953 desolacionis
982 895 1072 953 stabit
1091 896 1119 952 iu
1144 895 1208 955 loco
1230 907 1334 954 sancto

130 936 264 1073 tillslllld
273 975 319 1075 ¹⁰54
341 984 485 1059 usquead
507 982 771 1039 consummacionis
787 994 901 1060 tempus
924 993 951 1040 et
973 983 1190 1041 consummatio
1212 983 1361 1040 dabitur5

132 1081 169 1123 ine
184 1080 228 1125 eud
243 1080 270 1123 οι
281 1079 320 1125 nn
339 1088 429 1147 super
464 1069 659 1129 solitudinem.
696 1069 759 1125 Illic
787 1070 935 1128 exercitus
966 1072 1118 1128 Romanus
1150 1070 1333 1128 atominacio

184 1131 267 1179 world.
341 1158 532 1216 desolacionis
561 1157 656 1213 dictus
684 1167 735 1227 est,
759 1157 825 1233 quia
857 1159 898 1214 ad
920 1157 1133 1215 desolacionem
1157 1158 1333 1216 redacturus

340 1247 440 1307 fuerat
462 1244 616 1300 ludoicum
646 1243 772 1300 cultum:
804 1244 850 1301 hic
878 1256 974 1302 autem
998 1245 1196 1303 Antichristus
1223 1246 1334 1303 dicitur

340 1333 520 1389 abominatio
545 1331 746 1402 desolacionis,
775 1332 842 1406 quia
870 1334 1030 1389 multorum
1058 1333 1173 1391 animas
1195 1333 1333 1391 christia·

341 1438 445 1477 norum
470 1421 614 1496 facturus
647 1429 690 1475 εει
722 1420 870 1475 desolatas
901 1439 919 1475 a
952 1420 1026 1480 Deo.
1065 1419 1143 1476 Nam
1176 1431 1332 1496 antequam
1346 1440 1377 1477 ιο

341 1518 479 1585 caperent
521 1505 649 1563 Romani
689 1506 852 1563 Jerusalem
896 1507 924 1563 in
970 1506 1090 1564 dimidio
1131 1507 1333 1582 hebdomadis,

346 1595 482 1651 Christus
501 1612 558 1670 per
579 1612 662 1650 suam
688 1594 851 1650 doctrinam
876 1594 942 1650 tulit
965 1596 1001 1651 de
1029 1594 1125 1652 medio
1147 1595 1217 1673 iuge
1239 1595 1333 1652 sacri·

336 1682 441 1760 ficium
458 1678 631 1739 Judeorum.
651 1680 726 1736 Nam
743 1681 850 1738 dicitur
865 1681 959 1738 tribus
974 1682 1058 1739 annis
1073 1692 1101 1739 et
1115 1699 1171 1739 sex
1186 1682 1333 1740 mensibus

344 1770 477 1826 docuisse
500 1769 549 1843 qni
571 1786 709 1824 numerus
737 1768 775 1823 sit
798 1769 959 1845 septimane
982 1770 1148 1825 divinorum
1176 1788 1333 1843 annorum,

344 1868 373 1913 ut
397 1857 471 1912 illud
493 1855 668 1932 sacrificium
693 1856 771 1930 quod
794 1856 905 1934 iugiter
919 1858 1027 1933 suerat
1050 1856 1078 1913 in
1101 1875 1154 1913 usu
1177 1858 1376 1914 tollereturtb

344 1945 380 1999 de
412 1943 506 2000 rriedio
540 1954 566 1998 et
594 1943 754 2017 offerretur
780 1944 957 2020 sacrificium
986 1944 1083 2000 landis
1106 1944 1171 2001 Deo
1200 1944 1229 2001 in
1254 1963 1332 2012 uoce,

343 2030 519 2107 sacrificium
555 2030 665 2085 iusticie
697 2030 724 2085 in
763 2031 909 2104 operibnn,
945 2031 1123 2107 sacrificium
1158 2032 1242 2108 pacis
1275 2050 1334 2109 per

343 2117 560 2174 eucharistiam.
590 2116 684 2191 Usque
706 2118 746 2172 ad
761 2117 854 2194 finem
883 2130 979 2175 autem
1003 2118 1094 2175 seculi
1115 2119 1257 2175 tumultus
1278 2130 1332 2191 est,

343 2206 410 2281 qnia
432 2204 555 2260 dudaica
579 2205 754 2260 consuetudo
779 2206 814 2261 de
836 2205 989 2282 sacrificiis
1014 2205 1170 2282 offerendis
1186 2224 1331 2282 nunquam

344 2304 386 2349 est
410 2292 585 2368 reparanda.
1344 2310 1378 2345 20

132 2386 182 2430 Tne
197 2385 291 2447 cominu
305 2384 332 2428 01'
390 2380 473 2444 Item,
497 2379 524 2434 in
550 2378 670 2434 dimidio
694 2379 893 2452 hebdomadis,
919 2381 973 2436 hoc
1001 2390 1053 2451 est,
1082 2379 1110 2434 in
1134 2379 1228 2436 tribus
1250 2379 1333 2435 anuis

161 2441 299 2483 ⁶⁰²¹⁶hr¹⁵¹'
345 2487 409 2524 cnm
425 2483 481 2523 sex
496 2466 640 2523 ritertsibus
656 2466 711 2521 hoc
733 2466 909 2542 sacrificium
926 2466 1155 2523 christianorum
1171 2466 1332 2524 tollendum

346 2567 388 2612 εει
420 2555 456 2609 ab
484 2553 665 2609 Antichristo
698 2554 935 2631 confugientibus
968 2553 1136 2610 christianis
1168 2564 1236 2610 ante
1268 2572 1333 2611 eum

343 2661 399 2718 per
431 2641 495 2696 loca
529 2641 660 2696 deserta:
691 2658 747 2696 non
776 2641 832 2697 erit
862 2642 912 2717 qni
937 2653 987 2697 out
1015 2641 1043 2696 in
1072 2640 1222 2698 ecclesiam
1246 2641 1335 2698 intret

346 2740 396 2784 aut
419 2727 598 2784 oblacionem
622 2728 728 2802 offerat
750 2728 823 2784 Deo.
854 2729 997 2797 Quoniam
1021 2739 1118 2784 autem
1142 2727 1237 2785 tribus
1250 2729 1335 2785 annis
1345 2732 1376 2784 25

347 2827 373 2872 et
405 2832 460 2871 sex
492 2814 635 2870 mensibus
660 2816 894 2890 protendendum
924 2827 966 2872 est
993 2814 1167 2871 Antichristi
1197 2833 1334 2893 regnum,
1379 2889 1382 2892 ἡ

345 2902 436 2959 rrculte
459 2902 605 2977 scripture
626 2901 803 2979 significant,
833 2903 964 2959 maxime
993 2914 1087 2959 tamen
1111 2903 1139 2959 in
1162 2921 1216 2959 sua
1239 2903 1332 2960 Reve-

346 2990 458 3045 lacione
493 2990 648 3045 lohannes.
694 2989 735 3044 Et
771 2990 956 3046 solitudinem
999 2990 1080 3045 illam
1120 2990 1333 3047 consummacio

346 3077 507 3152 occupavit.
531 3076 608 3131 Nam
633 3077 771 3151 usquein
785 3077 879 3153 finiam
903 3077 1008 3133 tenebit
1028 3076 1225 3134 Antichristus
1248 3094 1331 3152 quem

347 3164 491 3219 Dominus
517 3163 602 3219 lesus
633 3164 788 3241 interficiet
819 3164 924 3239 spiritu
958 3164 1019 3220 oris
1049 3163 1101 3221 sui.
1137 3162 1179 3220 Et
1210 3164 1246 3221 de
1277 3165 1375 3221 hocbo

346 3251 420 3307 enirn
449 3261 476 3307 ει
498 3250 656 3327 Apostolus
678 3251 719 3305 ait
742 3252 855 3308 dicens:
888 3252 979 3309 Nemo
1004 3269 1056 3308 vos
1078 3251 1239 3324 conturbet,
1265 3251 1330 3327 quia

347 3338 403 3394 nisi
435 3338 544 3394 uenerit
577 3338 716 3394 dissensio
745 3340 877 3414 primum
907 3350 933 3395 et
961 3339 1109 3396 revelatus
1124 3339 1223 3414 suerit
1246 3338 1332 3395 homo

346 3426 467 3502 peccati,
483 3425 569 3502 filius
593 3425 735 3497 interitus,
760 3427 810 3501 qui
831 3427 1010 3483 adversatur
1025 3438 1052 3483 et
1072 3426 1227 3483 extollitur
1241 3442 1332 3502 super

349 3531 432 3569 onine
462 3513 540 3589 quod
568 3512 675 3568 dicitur
703 3514 784 3569 Deus
816 3525 866 3569 ant
893 3514 1008 3584 colitur,
1041 3514 1081 3568 ita
1109 3525 1140 3569 ut
1167 3513 1196 3569 in
1224 3513 1333 3589 templo

348 3601 405 3656 Dei
431 3601 515 3676 quasi
536 3601 618 3656 Dens
645 3602 761 3667 sedeat;
793 3611 820 3655 et
848 3601 946 3656 addit:
976 3601 1042 3656 lam
1070 3600 1146 3656 crcirn
1170 3599 1331 3657 misterium
1344 3604 1375 3657 35

348 3688 504 3763 iniqnitatis
543 3698 694 3764 operatur.
739 3688 815 3764 Legi
851 3689 1003 3763 quemdam
1046 3688 1089 3745 sic
1125 3699 1334 3763 exponentem:

353 3776 497 3843 Quoniam
522 3776 628 3845 tritinia,
657 3776 756 3849 inquit,
785 3793 951 3850 quacunque
974 3778 1093 3851 eupiunt
1115 3793 1217 3850 supra,
1246 3775 1332 3853 signa

343 3864 469 3938 suerunt
498 3863 690 3937 procedentia
724 3863 923 3938 dirupuiintem
956 3863 1082 3919 ciuitatis
1114 3862 1192 3918 illius
1223 3861 1331 3938 tcutpli.

351 3951 415 4006 Hoc
447 3962 543 4005 autern
576 3951 653 4025 qnod
687 3950 770 4005 dicit:
812 3951 883 4006 (Item
925 3950 1056 4006 videritis
1088 3949 1332 4006 abominationem

403 4200 421 4230 2.
439 4189 470 4230 A:
486 4187 527 4229 sic.
543 4186 631 4228 (jutta
647 4190 701 4229 tntu·
714 4187 802 4239 sic(nt).
871 4190 891 4228 S.
908 4188 940 4229 A:
955 4191 1031 4228 ,utitem
1042 4187 1112 4230 ιιι-εει.
1194 4199 1220 4229 ιι.
1235 4185 1324 4230 codd:

350 4242 447 4284 Romam
463 4240 534 4281 deest.
590 4251 620 4288 ¹t·
638 4239 665 4279 u:
683 4239 813 4281 tintinnum
828 4239 899 4282 deest.
954 4239 989 4287 ln,
1006 4238 1033 4282 lii.
1051 4241 1083 4282 A:
1099 4240 1143 4282 hoc
1157 4240 1218 4282 etnim
1231 4238 1303 4283 deest.

405 4351 428 4463 ,ιί
448 4348 512 4396 ltnn.
534 4348 573 4407 lx,
595 4361 634 4411 27·
721 4361 761 4412 ¹2¹]-
784 4349 812 4396 ll.
832 4347 925 4396 'l'licss¹
946 4348 974 4408 ΙΙ,
995 4363 1018 4413 7,
1037 4351 1062 4411 8.
1152 4351 1192 4400 3ι.
1212 4347 1246 4397 ib.
1267 4348 1291 4409 3,
1309 4361 1334 4410 4.

352 4419 391 4467 35.
412 4418 445 4464 ἰι.
466 4432 488 4479 7.
