3098 5130
573 443 696 492 obuius
716 444 927 493 Evauouiuct
949 444 1011 492 tatu.
1032 443 1073 492 tv,
1165 425 1246 508 [cuv.
1263 439 1324 482 xiv.

338 603 460 659 habebat
481 603 574 658 Judas
597 604 675 679 quod
698 603 820 659 dixisset
844 605 870 659 ei
890 603 988 659 lesus:
1021 603 1095 660 Eme
1117 622 1150 659 ea
1174 622 1228 679 que
1253 623 1326 679 opus

336 702 402 747 sunt
426 691 505 746 nobis
526 692 566 745 ad
591 691 664 746 diem
681 691 793 764 festum
802 713 811 759 ;
834 702 884 746 aut
910 690 1010 768 egenis
1036 691 1147 766 aliquid
1174 702 1205 746 ut
1229 693 1324 749 daret.

342 772 516 857 Cuntherga
540 778 696 854 accepisset
712 778 760 833 ille
781 779 950 845 buccellam,
973 778 1065 833 exivit
1081 778 1223 835 contiuno.
1248 778 1326 834 Erat
1357 783 1418 845 437⁶

337 875 432 920 autem
451 882 520 922 nox.
557 865 629 920 Cum
659 883 734 941 ergo
757 865 874 935 exisset,
900 865 975 920 dixit
996 865 1095 921 iesus:
1126 866 1210 922 Nunc
1237 865 1326 921 ciari-

329 951 440 1027 ficatus
462 963 504 1007 est
519 952 604 1028 filius
627 952 760 1023 hominis,
792 963 819 1007 et
843 952 924 1008 Deus
956 952 1136 1028 clarificatus
1158 965 1200 1009 est
1231 953 1259 1008 in
1283 953 1351 1008 co.5

159 1047 283 1109 The-desit
382 1040 478 1112 Super
512 1058 573 1112 quo
598 1038 798 1112 Augustinus:
833 1040 899 1095 Scio
932 1039 1078 1095 carissimi
1101 1041 1213 1096 moveri
1240 1057 1328 1115 posse

125 1101 320 1197 ,υᾛξῐξῇἐξξῇρ
339 1126 501 1196 nonnullos,
529 1127 590 1182 sive
615 1127 682 1202 pios
716 1137 746 1180 ut
776 1127 927 1200 requirant
953 1127 1011 1181 tive
1042 1127 1144 1201 impios
1173 1139 1204 1183 ut
1226 1145 1327 1202 repre-

199 1217 249 1260 ⁵⁰P·
339 1213 476 1283 hendant,
508 1215 584 1287 quod
603 1224 792 1288 posteaquam
821 1232 925 1288 panem
949 1214 1070 1270 s'nctum
1104 1233 1156 1269 suo
1188 1213 1330 1270 traditori

339 1300 483 1355 Dominus
511 1301 599 1371 dedit,
638 1301 792 1356 intraverit
821 1301 848 1355 in
886 1301 968 1356 ilium
1004 1312 1132 1359 satanas.
1172 1301 1220 1357 Sic
1252 1302 1326 1357 enim

337 1387 478 1462 scriptum
502 1399 559 1443 est:
582 1388 621 1442 Et
645 1406 708 1443 cum
725 1388 858 1443 tinxisset
874 1407 991 1465 panem,
1015 1388 1094 1444 dedit
1116 1389 1185 1444 lude
1202 1388 1327 1446 Simonis
1341 1408 1370 1442 10

340 1475 502 1530 Scariothis
526 1486 553 1529 et
570 1486 637 1550 post
656 1494 761 1550 panem
769 1495 780 1543 ,·
802 1486 868 1530 tuuc
889 1476 1020 1531 introivit
1043 1475 1070 1530 in
1094 1476 1175 1531 iilum
1196 1487 1325 1532 satanas.

339 1561 447 1616 Dicunt
471 1562 555 1632 enim,
580 1562 656 1618 itane
679 1563 733 1618 hoc
757 1563 863 1617 meruit
883 1564 969 1638 panis
993 1562 1104 1618 Christi
1115 1574 1274 1639 porrectus
1291 1565 1326 1618 de

338 1667 434 1704 mensa
463 1649 580 1716 Christi,
616 1660 646 1703 ut
665 1661 734 1725 post
758 1650 839 1705 ilium
864 1649 989 1706 intraret
1012 1650 1040 1704 in
1065 1650 1124 1705 eius
1153 1650 1324 1726 discipulum

130 1745 194 1789 stoi-e
210 1747 314 1806 acpeuds
337 1737 479 1791 satanas?
507 1736 617 1803 Quibus
634 1737 843 1811 respondemus
859 1737 925 1791 hinc
941 1755 992 1791 nos
1004 1737 1106 1810 pocius
1123 1738 1224 1793 doceri
1238 1755 1324 1812 quiam

125 1799 208 1893 ⁰¹33?
218 1811 323 1893 ggcpplveer
336 1823 373 1878 sit
386 1824 545 1877 cavendum
563 1823 639 1878 maie
654 1823 786 1898 accipere
802 1825 914 1878 bonum.
930 1825 1056 1878 Multum
1075 1824 1179 1899 quippe
1195 1825 1324 1896 interest,
1339 1826 1367 1876 15

143 1903 300 1958 minggiven.
338 1927 392 1964 non
416 1909 486 1983 quid
508 1910 638 1984 accipiat.
661 1912 714 1966 sed
737 1912 799 1984 quis
827 1911 965 1987 accipiat:
993 1929 1043 1965 nec
1071 1912 1156 1985 quale
1183 1912 1219 1967 sit
1248 1913 1325 1986 quod

338 1997 437 2065 datur,
460 1998 513 2052 sed
528 1998 621 2071 qualis
644 1998 680 2051 sit
706 1998 766 2072 ipse
782 1999 829 2053 cui
851 1999 947 2052 datur.
974 1999 1050 2053 Nam
1075 2010 1102 2053 et
1126 1999 1199 2053 bona
1223 1999 1325 2054 obsunt

337 2093 363 2138 et
388 2084 465 2138 maia
486 2095 612 2159 prosunt
635 2084 709 2140 sicut
725 2085 841 2159 suerint
869 2086 971 2159 quibus
1004 2085 1122 2140 dantur.
1158 2086 1324 2154 Peccatum,

338 2171 426 2246 inquit
450 2171 609 2246 apostolus,
643 2182 674 2226 ut
696 2184 839 2247 appareat
864 2183 1015 2247 peccatum
1045 2189 1102 2246 per
1125 2173 1229 2227 bouum
1255 2173 1327 2227 mihi

338 2267 489 2333 operatum
514 2269 556 2313 est
572 2268 705 2313 mortem.
731 2259 807 2315 Ecce
819 2276 876 2335 per
893 2260 996 2316 bonum
1005 2252 1124 2333 sactnni
1142 2270 1185 2314 est
1198 2260 1368 2327 maiumm

338 2347 404 2399 dum
429 2346 505 2400 maie
528 2344 672 2420 accipitur
695 2347 809 2401 bonum.
835 2348 961 2421 Itemque
984 2346 1044 2421 ipse
1066 2347 1124 2401 ait:
1147 2347 1179 2401 ln
1208 2347 1324 2424 magni-

337 2432 435 2487 tudine
458 2433 672 2488 reveiacionum
697 2451 828 2488 mearum
853 2452 887 2489 ne
910 2434 1050 2505 extollar,
1080 2435 1165 2490 datus
1188 2445 1231 2489 est
1254 2433 1327 2489 mihi

336 2519 472 2575 stimulus
496 2519 593 2575 carnis
625 2538 696 2591 ntee,
720 2522 843 2598 angelus
877 2531 978 2576 satane
1006 2521 1054 2594 qui
1074 2538 1119 2575 me
1146 2521 1326 2602 colaphipen

334 2616 461 2682 propter
483 2609 560 2681 quod
583 2617 629 2662 ter
646 2607 804 2662 Ihnninum
829 2608 937 2684 rogavi
959 2619 989 2662 ut
1011 2608 1146 2681 auferret
1163 2625 1227 2663 eum
1246 2627 1262 2663 a
1280 2628 1326 2664 me

337 2702 364 2747 et
388 2693 465 2748 dixit
489 2694 560 2749 mihi
566 2716 574 2747 :
598 2693 714 2769 Susficit
737 2695 788 2749 tibi
802 2695 907 2771 gracia
932 2712 1005 2764 mea,
1029 2713 1094 2749 nam
1121 2694 1214 2750 virtus
1237 2695 1264 2750 in
1281 2695 1367 2750 in-25

334 2779 475 2852 firmitate
499 2781 662 2857 perficitur.
692 2782 769 2837 Ecce
791 2800 847 2857 per·
870 2782 977 2836 maium
994 2782 1113 2856 sactum
1138 2793 1180 2838 est
1209 2782 1324 2852 bonum,

338 2868 405 2921 dum
430 2868 499 2923 bene
521 2869 663 2943 accipitur
686 2869 805 2923 maium.
848 2869 926 2936 Quid
949 2886 1022 2945 ergo
1047 2869 1168 2924 miraris
1191 2869 1217 2924 si
1239 2869 1326 2924 datus

336 2964 378 3010 est
402 2956 471 3009 lude
495 2956 581 3030 panis
608 2956 719 3011 Christi
746 2974 802 3030 per
831 2974 913 3032 quem
949 2956 1167 3032 manciparetur
1199 2956 1324 3025 diabolo,

337 3060 400 3097 cum
435 3042 534 3098 videas
565 3043 753 3098 econtrario
786 3043 884 3097 datum
910 3043 1002 3098 Paulo
1035 3042 1173 3120 angelum
1207 3043 1324 3111 diaboii,

333 3147 390 3205 per
417 3146 499 3202 quem
525 3130 720 3206 perficeretur
742 3130 770 3184 in
797 3131 937 3185 Christo?
975 3131 1018 3184 Ita
1051 3141 1078 3185 et
1111 3131 1188 3185 maio
1220 3130 1369 3185 bonirvnso

337 3216 430 3290 obfuit
443 3227 469 3271 et
480 3217 552 3272 borio
565 3218 673 3272 maium
681 3217 806 3292 profuit.
820 3217 1027 3273 Recordamini
1037 3217 1112 3273 tende
1121 3217 1158 3271 sit
1168 3216 1325 3292 scriptum:

342 3303 511 3377 Quicunque
530 3304 752 3359 manducaverit
765 3323 870 3379 pauent
888 3315 937 3358 aut
953 3304 1056 3359 biberit
1072 3304 1190 3361 calicem
1205 3303 1326 3359 Domini

337 3391 465 3469 indigne,
491 3409 557 3447 reus
590 3391 645 3446 erit
668 3392 803 3466 corporis
835 3401 862 3445 et
884 3391 1034 3467 sanguinis
1058 3391 1187 3448 Domini.
1227 3390 1266 3445 Et
1290 3391 1326 3446 de

338 3478 392 3534 hiis
415 3489 479 3534 erat
502 3496 609 3537 sermo.
644 3496 708 3533 cnm
733 3478 786 3533 hoc
809 3478 958 3552 apostolus
983 3478 1102 3549 diceret,
1135 3478 1185 3552 qui
1207 3477 1327 3533 Dantini

337 3584 444 3640 corpus
468 3567 546 3621 velut
561 3566 650 3621 alium
666 3565 820 3640 quemlibet
835 3565 927 3620 cibum
945 3564 1099 3620 indiscrete
1124 3564 1324 3642 negligenter·
1337 3565 1367 3616 35

338 3672 391 3729 que
413 3654 572 3709 sumebant.
607 3653 666 3708 Hic
697 3671 770 3730 ergo
794 3652 820 3706 si
842 3651 1001 3727 corripitur
1024 3652 1073 3725 qui
1095 3670 1150 3707 uon
1175 3652 1326 3719 diiudicat,

338 3741 391 3795 hoc
415 3751 465 3805 est,
500 3759 555 3796 non
580 3741 717 3795 discernit
740 3760 757 3795 a
782 3739 885 3795 ceteris
909 3738 978 3794 cibis
1011 3739 1183 3794 dominicum
1209 3757 1325 3813 corpus

337 3828 480 3902 quontodo
503 3829 681 3902 dampnatur
704 3828 753 3902 qui
774 3827 889 3881 adeius
913 3844 1039 3881 mensam
1056 3826 1177 3902 fingens
1200 3826 1324 3881 amicum

337 3915 448 3970 accedit
480 3915 635 3971 inimicus?
668 3914 700 3968 Si
731 3913 953 3989 reprehensione
985 3913 1119 3988 tangitur
1143 3912 1324 3989 negligencia

337 4002 526 4069 convivantis,
551 4020 606 4076 qua
620 4019 695 4076 pena
709 4001 877 4075 percutitur
894 4001 1028 4056 venditor
1049 3999 1221 4054 invitantis?
1248 3999 1326 4066 Quid
1335 4018 1370 4064 40

360 4220 364 4228 ι
389 4168 421 4211 25.
437 4169 468 4210 A:
486 4168 509 4209 in
525 4167 595 4228 duest
651 4179 688 4218 40.
704 4168 737 4209 A:
753 4166 909 4217 convivantis;
924 4166 954 4209 u:
971 4165 1069 4208 correxit
1085 4166 1106 4208 iu
1124 4178 1211 4219 marga
1226 4163 1326 4219 auiantis

338 4224 400 4272 (sicu
417 4232 458 4262 un:
474 4225 612 4262 convnmtu.

391 4310 414 4357 i„
436 4315 502 4375 Aug.
521 4312 557 4358 lu.
571 4310 630 4358 ioh.
647 4312 692 4360 ijs.
714 4313 729 4358 1.
750 4327 770 4358 c.
792 4326 847 4375 pag,
867 4308 1012 4372 tuiti-670.
1073 4312 1110 4358 ιδ’.
1125 4311 1200 4357 Rutu
1215 4308 1268 4368 Vll,
1287 4310 1323 4359 13.

341 4396 380 4429 τι.
405 4382 433 4428 ΙΙ.
454 4383 512 4428 Cor.
535 4382 586 4439 ΧΗ,
608 4397 628 4443 7.
704 4384 733 4429 ’ἐς
764 4381 780 4427 1.
801 4383 853 4427 tlor
880 4380 922 4440 xt,
943 4394 981 4443 27.
