3098 5130
580 507 670 555 orus
690 507 942 555 rvuuuurreun
966 506 1027 558 tiu.
1047 505 1088 555 ut.
1154 483 1233 572 [eat.
1254 498 1327 543 lxv.

340 667 381 723 sic
406 665 536 739 virgines
561 667 641 723 fatue
665 667 839 723 defecerunt
864 669 900 721 de
929 667 997 722 oleo
1022 664 1069 721 hic
1091 665 1121 721 in
1145 664 1191 721 ria
1209 678 1236 720 et
1261 684 1329 721 om·

340 753 413 810 nino
437 753 576 810 deficient
601 753 631 809 in
656 754 704 810 die
728 753 842 809 iudicii.

716 1030 820 1093 CAP.
845 1029 956 1093 LXV.

150 1167 298 1274 Tfflffgggssm
388 1172 531 1248 Sequitur
564 1173 593 1229 in
627 1187 707 1230 textu
736 1173 876 1230 Matthei:
917 1174 1035 1229 Moram
1073 1186 1169 1230 autem
1194 1173 1330 1249 faciente

133 1271 252 1324 usagium
266 1272 324 1314 stiatt
341 1279 447 1336 sponso
465 1261 701 1317 dormitaverunt
725 1280 823 1317 omnes
846 1273 872 1316 et
890 1261 1081 1316 dormierunt.
1108 1261 1206 1315 Media
1230 1264 1356 1316 autem&

137 1323 324 1430 pcffiussxssffissg
343 1360 425 1404 nocte
441 1348 555 1403 clamor
563 1349 670 1422 sactus
681 1361 737 1403 est.-
752 1348 829 1404 Ecce
839 1366 960 1423 sponsus
972 1347 1057 1415 uenit,
1074 1348 1151 1404 exite
1167 1348 1280 1403 obviam
1292 1349 1328 1406 ei.

387 1437 484 1508 Super
501 1453 562 1508 quo
579 1437 772 1509 leronymus:
797 1436 863 1490 Nan
880 1435 953 1490 enim
974 1453 1081 1510 parum
1098 1435 1236 1510 temporis
1251 1435 1330 1490 inter

339 1522 470 1597 priorem
503 1533 530 1577 et
561 1524 717 1578 secundum
752 1512 907 1578 aduentum
932 1522 1054 1579 Domini
1075 1521 1328 1599 pretergreditur.

348 1609 454 1664 Omnes
478 1609 721 1679 dormitaverunt,
750 1610 780 1664 id
810 1620 862 1681 est,
897 1621 1012 1666 mortue
1042 1620 1117 1678 sunt,
1156 1609 1222 1683 qnia
1248 1628 1330 1665 mors

342 1708 510 1751 sanctorum
527 1714 663 1772 sompnus
674 1697 846 1773 appellatur.
869 1696 1084 1771 Consequenter
1098 1707 1194 1752 autem
1206 1696 1330 1751 dicitur.-
1346 1715 1377 1746 ιυ

342 1783 536 1838 Dormierunt
574 1785 640 1857 qnia
663 1794 765 1860 postea
796 1785 963 1839 suscitande
993 1776 1069 1839 sunt.¹
1109 1783 1208 1839 Media
1232 1794 1328 1839 autem

342 1881 423 1925 nocte
447 1870 560 1925 clamor
576 1883 627 1927 etc.
638 1895 645 1925 :
670 1871 769 1926 Subito
791 1871 877 1941 enim,
901 1872 984 1946 quasi
1007 1871 1174 1945 intempesta
1198 1881 1279 1926 nocte
1302 1882 1330 1926 et

341 1957 452 2013 securis
468 1958 599 2014 omuibus
621 1960 735 2032 quando
757 1957 956 2035 grauissimus
979 1976 1065 2032 sopor
1088 1968 1140 2028 est,
1159 1975 1215 2033 per
1237 1975 1328 2035 ange-

342 2044 438 2099 lornm
478 2045 637 2101 clamorem
683 2057 709 2100 et
741 2045 825 2101 tubas
858 2044 1079 2120 precedeucium
1113 2044 1328 2119 fortitudinum

346 2131 459 2187 Christi
483 2133 628 2187 resonabit
651 2133 801 2189 aduentus.
837 2132 980 2187 Dicamus
1002 2131 1112 2206 aliquid
1139 2132 1374 2206 quodsum-15

342 2229 390 2273 tan
424 2219 528 2274 lectori
555 2220 623 2274 utile
654 2220 700 2274 sit.
745 2219 882 2274 Tradicio
909 2219 1068 2274 Judeorum
1104 2231 1144 2275 est
1178 2219 1329 2275 Christum

343 2307 436 2361 media
461 2316 543 2362 nocte
560 2317 712 2361 venturum
737 2307 764 2360 in
788 2305 1005 2361 similitudinem
1021 2306 1156 2384 Egypcii
1177 2306 1329 2382 temporis,

341 2395 457 2468 quando
482 2393 593 2448 Pascha
632 2394 808 2448 celebratum
841 2405 883 2449 est
916 2404 943 2448 et
965 2394 1179 2449 exterminator
1204 2393 1330 2448 renitet

345 2480 486 2534 Dominus
524 2498 612 2554 super
650 2481 838 2535 tabernacula
877 2480 993 2535 transiit
1026 2491 1051 2535 et
1084 2479 1227 2557 sanguiue
1257 2480 1331 2557 agni

340 2578 438 2641 postes
471 2578 639 2621 nostrarum
658 2566 812 2639 sroncium
844 2579 1011 2623 consecrate
1042 2579 1117 2623 sum.
1155 2567 1237 2623 Unde
1260 2585 1330 2622 reor
1343 2586 1377 2619 20

343 2664 369 2709 et
393 2653 583 2708 tradicionem
612 2653 800 2728 apostolicam
827 2654 1025 2729 permansisse
1058 2663 1088 2708 ut
1111 2654 1139 2708 in
1163 2654 1209 2709 die
1232 2653 1330 2731 vigiti-

342 2758 427 2794 arnm
452 2739 564 2795 Pasche
587 2750 654 2796 ante
670 2740 762 2796 noctis
786 2740 937 2796 dimidium
956 2742 1080 2816 populos
1105 2740 1251 2796 dimittere
1273 2759 1330 2796 non

345 2827 429 2882 liceat
461 2836 645 2901 expectantes
677 2828 834 2882 adventum
863 2828 982 2894 Christi,
1021 2839 1047 2883 et
1067 2838 1222 2903 postquam
1255 2827 1331 2882 iliud

344 2925 454 2988 tempus
470 2914 622 2969 transierit
638 2914 796 2969 securitate
807 2925 977 2989 presumpta
993 2916 1109 2989 sestum
1126 2914 1221 2970 cuncti
1236 2925 1330 2991 agunt

345 3001 429 3055 diem.
458 3000 539 3055 Unde
556 3000 713 3056 Psalmista
739 3001 865 3057 dicebat:
888 3001 987 3056 Media
1011 3012 1094 3057 nocte
1108 3001 1266 3078 surgebam
1291 3003 1332 3056 ad
1345 3008 1377 3056 25

345 3087 536 3163 confitendum
570 3088 622 3142 tibi
652 3107 743 3163 super
778 3088 882 3142 indr'cia
915 3088 1130 3165 iustificaeionis
1162 3098 1218 3143 tue.
1265 3089 1331 3144 llec

344 3177 532 3246 leronymus.

146 3271 314 3330 Νιιιιιιιξιοηιγ
389 3264 473 3317 Patet
497 3280 529 3317 ex
555 3260 643 3317 dictis
662 3261 747 3316 istius
773 3260 868 3317 sancti
893 3280 983 3334 quarn
1010 3262 1081 3318 levis
1106 3259 1259 3317 evidenciu
1284 3275 1329 3317 est

138 3328 321 3427 “sssffffi'ssffgii'
346 3349 375 3403 in
402 3349 502 3404 medio
527 3348 623 3403 noctis
640 3367 763 3420 surgere
787 3361 815 3404 et
840 3348 940 3404 dicere
965 3348 1126 3405 niatutinas
1152 3350 1243 3404 modo
1268 3367 1329 3422 quo

185 3430 276 3470 ¹¹¹³¹¹¹¹⁵·
347 3434 477 3507 religiosi
509 3435 602 3491 nostri
637 3434 745 3508 privati
779 3435 893 3492 faciunt
927 3453 959 3492 ex
983 3434 1040 3491 isto
1075 3438 1158 3491 nudo
1190 3454 1330 3492 sermone
1343 3446 1377 3493 30

347 3523 455 3579 l‘salm.
475 3524 600 3591 CXVlll,
626 3521 702 3578 acsi
727 3523 821 3578 nostri
840 3522 970 3595 religiosi
990 3521 1061 3578 fatui
1086 3522 1127 3578 sic
1151 3537 1328 3596 arguerent:

347 3609 506 3665 Psalmista
531 3610 572 3665 sic
591 3609 659 3665 lecit
681 3611 774 3665 semel
798 3612 835 3666 ad
862 3608 1034 3664 minimum:
1060 3609 1144 3666 Sicut
1167 3611 1204 3665 de
1221 3609 1330 3683 Egipto

346 3696 433 3753 exivit
468 3697 597 3770 populus
631 3696 812 3752 Israeliticus
849 3697 942 3751 semel
974 3696 1005 3751 in
1040 3697 1139 3752 medio
1171 3696 1267 3753 noctis
1301 3711 1329 3752 et

347 3783 482 3839 Christus
517 3783 617 3840 veniet
646 3784 675 3838 in
711 3783 810 3839 medio
835 3782 932 3839 noctis
961 3784 1054 3839 semel
1078 3786 1115 3840 ad
1140 3783 1229 3839 finale
1253 3783 1329 3839 iudi·

346 3870 437 3943 cium,
472 3890 542 3945 ergo
567 3870 609 3926 illi
640 3872 749 3927 debent
782 3869 958 3943 regulariter
981 3889 1102 3944 surgere
1127 3884 1155 3926 ct
1178 3870 1228 3927 illa
1254 3871 1375 3928 hora35

397 4156 416 4200 3.
432 4160 465 4201 A:
483 4158 538 4212 Cap.
553 4157 631 4201 LXIII.
723 4172 743 4211 7.
759 4160 778 4201 Α
795 4159 817 4202 iu
833 4171 919 4212 marg:
938 4159 1084 4213 leronymus.
1165 4170 1190 4202 tr.
1207 4159 1236 4202 B:
1252 4163 1328 4202 autem

346 4210 417 4251 deest.
485 4223 516 4253 21.
531 4212 564 4252 A:
581 4211 604 4253 in
619 4211 689 4253 deest.
758 4211 793 4253 Ila.
809 4213 841 4253 A:
856 4212 901 4254 isto
916 4212 992 4254 modo.

397 4370 422 4413 a.
442 4351 531 4400 llattlr.
550 4353 628 4412 XXV,
650 4352 672 4412 5,
691 4352 715 4399 ti.
792 4368 815 4416 7.
835 4354 939 4402 Comm.
959 4356 982 4402 iu
1004 4353 1093 4403 Manli.
1113 4356 1129 4403 l.
1149 4371 1169 4404 c.
1190 4371 1247 4420 pag.
1269 4370 1327 4418 204.

347 4437 387 4468 eo.
408 4422 493 4469 t'sulrn
514 4422 624 4479 (ttulit,
643 4420 684 4469 tiu.
