3098 5130
422 380 513 431 oeus
531 380 784 431 ressonttcuu
805 382 868 432 rsa.
887 382 931 432 ιιι.
1050 364 1142 449 [cnr.
1157 380 1203 429 rs.

242 540 310 596 Vidi
334 554 434 597 autem
460 540 520 597 iam
545 542 630 597 tarde
645 543 840 613 Jeronymum
864 560 955 615 super
977 540 1036 599 isto
1051 544 1200 618 capitulo

199 628 323 685 hiarthei
363 629 452 683 xxut
490 628 575 702 quasi
610 628 797 701 evangelium
835 629 1051 687 seminantem:
1098 630 1197 703 Quid,

199 714 308 791 inquit,
329 715 519 784 mansuetius,
533 716 602 790 quid
616 716 768 792 benignius
785 716 911 771 Domino
926 728 1066 793 temptato
1082 738 1100 774 a
1114 720 1196 795 pha·

199 805 282 860 riseis
313 803 545 879 confringuntur
567 802 669 859 insidie
700 820 801 858 etirron
830 813 857 858 et
879 805 1037 859 secundum
1061 805 1195 862 l’salmi·

197 904 290 947 stam:
321 889 437 965 Sagitte
464 889 661 965 paruulorum
686 890 774 964 sacte
802 902 870 946 sunt
893 891 986 967 plage
1018 910 1134 963 eorum,
1165 900 1220 951 eti

198 978 383 1033 nihilominus
419 988 547 1052 propter
581 977 745 1031 sacerdocii
783 988 810 1032 et
846 978 970 1033 rrtttttinis
1011 978 1192 1057 dignitatem

198 1068 336 1122 hortatur
363 1064 490 1140 populos
523 1076 553 1117 ut
583 1063 763 1119 subiciantur
789 1065 830 1119 eis
852 1084 908 1120 mm
931 1083 1022 1139 opera
1043 1067 1098 1121 sed
1119 1067 1192 1123 doc·

197 1155 304 1209 trinam
328 1152 555 1207 considerantes.
585 1150 672 1217 Quod
693 1162 789 1206 autem
813 1152 869 1206 ait:
892 1153 989 1226 Super
1011 1154 1190 1211 cathedram

198 1241 302 1319 stoyst
323 1240 460 1295 sederunt
483 1238 578 1294 scribe
600 1249 627 1292 et
647 1238 782 1313 pharisei
800 1257 856 1313 per
879 1240 1050 1295 cathedram
1073 1238 1190 1297 doctri-

197 1347 263 1383 nam
286 1328 362 1405 legis
384 1325 518 1381 ostendit.
543 1325 630 1399 Ergo
650 1337 677 1380 et
692 1326 774 1380 aliud
789 1327 867 1399 quod
882 1326 990 1382 dicitur
1005 1326 1034 1382 itt
1050 1326 1192 1383 Psalmo:
1205 1350 1236 1382 m

199 1416 229 1471 ln
252 1414 394 1471 cathedra
420 1412 587 1488 pestilencia
619 1431 674 1467 non
697 1414 786 1469 sedit:
819 1412 857 1467 Et
880 1414 1037 1469 cathedras
1061 1414 1190 1471 uenden-

195 1504 270 1559 cium
294 1501 443 1557 columbas
466 1500 569 1555 euertit
593 1498 756 1556 doctrinam
780 1500 916 1556 debenuts
937 1501 1080 1576 accipere.
1112 1502 1193 1559 :illi-

194 1601 268 1665 gant
290 1600 386 1644 autem
410 1604 499 1643 mtera
526 1585 635 1663 grania
658 1597 710 1643 etc.
743 1587 809 1643 Hoc
838 1588 1021 1663 generaliter
1041 1590 1192 1646 aduersus

195 1696 294 1731 ‹nitnes
318 1674 479 1751 magistros
501 1674 550 1749 qui
570 1673 700 1749 grandia
722 1674 818 1729 iuhent
841 1686 868 1729 et
891 1674 1008 1731 minora
1032 1693 1088 1730 iton
1103 1676 1190 1750 saci-

196 1775 254 1819 unt.
282 1762 448 1818 Notandum
473 1772 569 1816 autem
592 1761 671 1836 quod
694 1772 720 1816 et
744 1761 860 1816 humeri
880 1773 907 1817 et
924 1761 1035 1839 digitus
1049 1772 1077 1817 et
1093 1782 1187 1820 onera
1204 1778 1237 1827 15

195 1862 221 1907 et
247 1850 361 1905 uincula
384 1848 484 1923 quibus
499 1848 665 1925 alligantur
679 1866 768 1904 mtera
784 1849 979 1923 spiritualiter
994 1848 1187 1927 intelligenda

194 1950 270 1996 sunt.
296 1938 358 1994 llec
381 1938 572 2007 heronymus.

10 2038 186 2073 ‚ott-uanum
241 2027 297 2081 iste
329 2036 430 2080 autem
464 2036 586 2078 sanetus
618 2034 706 2077 acute
739 2019 849 2077 invexit
882 2036 986 2080 contra
1020 2023 1187 2081 modernos

1 2084 185 2189 »iifii'j'ffiijiltin
196 2110 355 2186 pontifices
387 2123 478 2184 atque
503 2108 668 2183 phariseos,
702 2121 734 2163 ut
759 2122 865 2165 contra
890 2112 1059 2167 Romanum
1083 2111 1187 2185 ponti-

31 2190 127 2231 ''·¹¹''“¹¹·
197 2202 283 2255 tieem
308 2212 336 2255 et
360 2217 431 2255 suos
455 2195 619 2271 complices
643 2208 671 2252 et
696 2208 801 2251 eontra
825 2197 958 2269 prelatos
979 2211 1009 2254 et
1025 2196 1186 2271 religiosos
1199 2226 1236 2261 :o

197 2288 359 2343 modernos
398 2302 527 2360 quorum
567 2282 762 2358 supercilium
796 2282 926 2357 ypocrisi
960 2299 1004 2341 est
1038 2286 1185 2344 velatum.

195 2372 279 2430 Sicut
317 2388 418 2431 autem
444 2392 460 2429 a
486 2386 621 2446 tempore
650 2368 760 2425 Christi
795 2389 889 2444 usque
919 2373 957 2427 ad
991 2373 1070 2429 hunc
1098 2375 1186 2429 Jero-

195 2479 319 2535 nymum
354 2475 382 2517 et
415 2473 536 2516 sanctos
560 2459 700 2514 doctores
728 2457 803 2512 alios
826 2458 891 2514 sine
915 2459 966 2515 tali
992 2459 1185 2519 confessione

195 2549 290 2605 sancti
324 2549 361 2604 ad
387 2546 516 2621 patriam
542 2544 665 2618 spissius
689 2544 875 2609 volaverunt.
907 2546 950 2602 sic
974 2560 1042 2620 post
1066 2546 1183 2605 iniunc-

195 2650 256 2692 tam
291 2635 378 2691 istam
414 2632 635 2690 consessionem
664 2632 702 2686 ab
727 2631 908 2688 Innocencio
932 2635 968 2688 111
992 2633 1117 2708 spissius
1142 2638 1181 2692 ad
1196 2648 1231 2698 25

196 2736 310 2779 tartara
333 2722 561 2778 descenderunt.
595 2722 632 2775 Et
660 2732 774 2774 certum
805 2733 848 2774 est
873 2738 905 2775 ex
931 2719 989 2776 fide
1013 2722 1094 2795 quod
1117 2734 1181 2779 tarn

195 2808 350 2879 erriciosus
367 2821 410 2865 est
433 2812 512 2864 Deus
536 2820 564 2863 et
581 2805 791 2880 alligacionem
809 2805 1024 2880 astringentem
1043 2807 1182 2866 homines

195 2910 311 2953 tantum
345 2895 462 2961 odiens,
495 2894 573 2950 sicut
606 2893 660 2950 luit
692 2893 721 2949 in
755 2892 880 2950 ecclesia
914 2894 1077 2968 primitiva.
1110 2897 1182 2953 ideo

195 2982 298 3040 dicunt
323 2984 425 3039 tideles
449 2980 512 3038 istis
529 2979 672 3055 satrapis:
698 2980 915 3055 Dirumpamus
932 2982 1049 3039 uincula
1073 3001 1179 3040 eorum

195 3084 222 3127 et
248 3068 432 3144 proiciamus
457 3088 474 3126 a
498 3068 584 3125 nobis
608 3068 711 3141 iugum
729 3066 877 3141 ipsorum,
902 3087 969 3124 cum
989 3070 1055 3143 plus
1072 3082 1230 3131 curant30

195 3157 363 3213 libertatem
389 3156 462 3229 legis
495 3158 620 3230 perdere
653 3174 743 3231 quant
770 3154 967 3212 hereditatem
992 3158 1036 3212 sel
1060 3157 1179 3215 lucrum

194 3246 362 3319 temporale
386 3244 536 3315 amittere,
560 3241 632 3317 quia
651 3242 789 3300 Christus
814 3242 960 3299 concessit
985 3243 1072 3299 istam
1092 3244 1181 3300 liber-

194 3345 284 3387 tatem
322 3350 377 3405 pro
409 3332 506 3388 salute
538 3330 639 3387 anime
673 3344 701 3386 et
729 3329 916 3386 Antichristo
941 3349 1008 3386 eum
1038 3330 1180 3387 omnibus

194 3417 254 3475 suis
279 3418 477 3493 complicibus
501 3437 561 3474 non
587 3429 630 3474 est
654 3416 770 3474 licitum
795 3417 855 3473 sive
879 3416 1021 3491 possibile
1045 3417 1123 3474 viam
1140 3421 1178 3475 ad

194 3506 323 3580 patriam
348 3505 486 3563 fidelibus
510 3504 621 3561 Christi
646 3503 832 3576 restringere.
1032 3580 1035 3585 ¹
1192 3516 1226 3566 35

593 3694 698 3758 cae.
721 3696 783 3758 ιιι.
1056 3672 1101 3711 ’·
1144 3678 1174 3753 '.

236 3840 380 3913 Sequitur
414 3840 443 3895 in
478 3854 557 3896 textu
591 3841 750 3913 euangelii:
785 3844 889 3898 (hirnia
913 3864 987 3921 ergo
1012 3863 1102 3919 opera
1125 3862 1179 3901 sua

186 3926 305 3999 ιίιιιιιιιιι
330 3940 360 3983 ιιι
385 3928 539 3983 uideantur
562 3929 597 3983 ah
622 3929 793 3986 lroininihus.
827 3929 962 3987 Dilatant
986 3932 1059 3987 enim
1080 3931 1177 4007 phila-

246 4122 261 4153 1.
277 4112 296 4152 Α
312 4110 334 4154 iu
351 4124 436 4163 ιιιιιι·μ.;
451 4110 595 4165 leronymus.
658 4124 678 4153 u.
695 4112 724 4154 B:
737 4118 836 4168 propter
849 4115 1017 4157 sacerdocium.
1072 4126 1092 4168 7.
1107 4114 1128 4156 R.
1144 4116 1178 4157 tt:

194 4164 310 4205 drictm'na.
379 4164 409 4205 ιΗ.
425 4165 446 4205 A
462 4165 484 4205 in
501 4175 586 4217 marg:
600 4162 726 4207 lohannes.
794 4178 829 4217 ei.
846 4169 878 4209 a:
894 4169 1025 4210 nutrierunt.

247 4270 267 4302 ι.
295 4254 331 4302 St.
352 4254 504 4319 Hieronymi
529 4255 599 4320 Opp.
624 4267 688 4304 tom.
709 4256 774 4317 vui,
798 4271 857 4321 pag.
880 4258 925 4306 182
954 4258 1006 4315 (ed.
1036 4258 1178 4323 vallarsii).

193 4322 214 4373 5.
235 4323 331 4373 Psalm.
352 4322 438 4385 tntu,
457 4328 481 4373 u.
540 4340 576 4374 tt.
597 4325 692 4375 Psalm.
713 4326 731 4387 1,
755 4342 775 4375 1.
831 4328 871 4393 37.
891 4327 981 4377 Matth.
1000 4327 1087 4389 xxttt,
1109 4329 1131 4377 5.
