3098 5130
171 491 238 533 en».
261 476 352 559 exus]
454 495 498 543 oe
519 492 756 542 ssstcnmsso
777 491 840 541 sss.
861 492 878 541 1.
1312 497 1370 557 237

173 655 260 732 fiant,
285 656 314 709 id
334 666 376 710 est
399 654 521 728 quinque
540 653 693 728 sapientes,
717 652 816 710 iniusti
834 663 928 708 autern
941 654 981 708 ad
996 653 1156 724 sinistram,

172 745 201 796 id
225 755 266 797 est
290 743 412 816 quinque
428 742 598 816 insipientes.
628 742 755 809 Quidam
775 751 880 815 putant
896 742 970 796 hanc
981 741 1156 815 parabolam
1187 749 1245 793 This
1261 752 1355 812 parabte

172 831 211 884 ad
234 847 332 885 omnes
354 829 503 904 pertinere
526 839 553 883 et
568 829 608 883 ad
624 828 768 884 hereticos
791 839 818 883 et
841 828 881 882 ad
902 828 1021 897 ludeos‚
1043 839 1157 903 preter·
1172 803 1297 898 chssssfflss}
1312 812 1375 911 2211„

172 936 257 992 quarn
274 918 313 971 ad
324 934 469 993 paganos,
493 916 559 990 quia
575 916 619 970 illi
634 916 779 971 idolorum
797 914 912 971 cultura
936 916 1071 990 corrupti
1092 926 1157 971 sunt
1194 902 1360 1004 iiiiiiisehhh

149 1015 198 1063 §et
224 1004 353 1080 uirgines
377 1003 435 1059 dici
457 1021 512 1059 uon
533 1015 664 1078 possunt.
700 1003 772 1058 Vere
795 1012 890 1057 autem
916 1021 967 1058 nec
989 1004 1029 1057 ad
1050 1002 1159 1058 Judeos
1179 1024 1267 1107 paqans
1283 1021 1367 1056 cannot

170 1091 297 1166 pertinet
321 1109 371 1145 nec
395 1091 546 1161 hereticos,
578 1091 644 1165 quia
679 1108 735 1145 non
755 1101 878 1164 possunt
900 1089 986 1144 Judei
1019 1089 1077 1145 dici
1100 1089 1158 1144 vir·
1223 1066 1331 1173 „eiffgffflff

172 1179 256 1256 gines
277 1179 327 1253 qui
338 1179 471 1253 proiecto
488 1190 515 1233 et
538 1177 682 1253 crucifixo
698 1195 803 1252 sponso
826 1177 993 1232 adulterum
1012 1177 1158 1232 diabolum

172 1276 370 1340 susceperunt.
411 1265 510 1338 Neque
542 1265 617 1320 enim
642 1265 764 1320 heretici
796 1264 924 1341 virgines
949 1263 1008 1318 dici
1025 1274 1158 1339 possunt,

173 1354 237 1427 quia
262 1353 318 1427 ipsi
351 1352 516 1408 adulterino
539 1369 623 1407 sensu
647 1351 782 1426 corrupti
805 1351 1003 1429 virginitatem
1027 1351 1160 1406 veritatis

135 1466 162 1497 ιο
177 1440 291 1495 Christi
312 1440 479 1496 adulterino
502 1457 637 1495 sermone
660 1451 862 1515 corrumpunt.
898 1439 957 1494 Sed
979 1440 1019 1493 ad
1041 1438 1159 1494 christi·

174 1546 259 1582 anum
280 1528 421 1602 populum
439 1527 639 1583 tantummodo
652 1526 789 1601 pertinet,
813 1526 849 1581 de
868 1544 923 1601 quo
935 1525 1077 1600 scriptum
1102 1536 1160 1581 est:

174 1615 270 1669 Statui
293 1633 343 1670 uos
382 1614 430 1669 uni
453 1614 518 1670 viro
543 1614 687 1691 virginem
720 1624 830 1669 castam
864 1613 1003 1669 exhibere
1034 1612 1158 1671 Christo.

178 1702 275 1757 Timeo
312 1713 407 1758 autem
445 1719 480 1756 ne
510 1702 584 1757 sicut
614 1719 734 1776 serpens
765 1701 883 1756 seduxit
919 1699 1015 1755 Euam
1047 1700 1158 1756 astucia

173 1807 235 1858 sua,
267 1789 309 1845 sic
332 1799 561 1864 corrumpantur
593 1807 694 1844 sensus
726 1788 817 1844 uestri
839 1806 856 1842 a
880 1787 1014 1843 castitate
1041 1805 1094 1862 que
1117 1797 1159 1842 est

136 1877 200 1930 siin
228 1876 354 1931 Christo.
383 1877 477 1932 Fatue
497 1886 592 1931 autem
618 1875 747 1952 uirgines
768 1885 834 1930 sunt
857 1893 911 1950 que
924 1875 1019 1951 fidem
1043 1875 1158 1949 quidem

178 1963 289 2019 Christi
311 1964 457 2041 integram
475 1964 589 2032 habent,
612 1981 702 2037 opera
726 1974 821 2017 autem
839 1961 950 2018 iusticie
972 1979 1027 2016 non
1045 1963 1158 2020 habent.

173 2050 259 2105 dudei
281 2069 349 2105 uero
382 2061 432 2105 aut
465 2050 585 2105 heretici
607 2068 696 2124 neque
709 2051 804 2126 fidem
829 2050 933 2105 habent
957 2067 1046 2123 neque
1069 2067 1158 2124 opera

169 2149 292 2211 possunt
333 2138 455 2205 habere;
492 2137 543 2192 sed
586 2137 701 2193 etiamsi
737 2154 857 2211 operum
901 2137 995 2191 oleum
1036 2137 1159 2192 habeant

174 2225 262 2279 nichil
284 2225 324 2279 eis
344 2225 476 2299 prodest.
501 2225 566 2299 quin
591 2225 743 2299 larnpades
767 2222 845 2298 fidei
875 2241 930 2278 non
960 2223 1064 2279 habent
1088 2240 1160 2296 quas

132 2312 342 2370 eoacceudant.

217 2399 311 2453 ‘Tunc
327 2398 421 2454 simile
437 2399 514 2454 erit.³
539 2398 618 2453 Bene
641 2399 741 2466 ‘tunc‚’
766 2397 831 2470 quio
855 2396 970 2451 interim
989 2416 1044 2452 non
1069 2415 1159 2472 appa·
1183 2412 1321 2467 Exposition
1337 2416 1363 2475 pt

174 2497 218 2540 ret
241 2502 295 2558 que
314 2486 477 2559 prudentes
500 2496 575 2551 sunt,
609 2502 662 2558 que
678 2484 777 2558 fatue,
809 2501 956 2558 quousque
979 2495 1046 2540 tunc
1070 2485 1160 2539 multe
1183 2468 1324 2564 'helffi'c
1339 2480 1361 2510 ¹¹¹

167 2573 255 2646 fatue
283 2572 360 2648 fient
393 2572 553 2649 prudentes
583 2581 610 2627 et
634 2571 723 2626 multe
754 2588 807 2644 que
835 2571 970 2626 videntur
999 2572 1161 2646 prudentes

166 2660 253 2733 fatue
270 2659 447 2736 efficiantur.
465 2660 544 2727 ‘Que
558 2669 733 2732 acceperunt
749 2658 901 2733 lampades
916 2661 1007 2718 suas,³
1032 2658 1161 2735 Lampas

133 2747 282 2806 efidicitur
296 2746 385 2822 fides,
417 2747 483 2822 quia
507 2747 580 2802 sicut
604 2747 718 2820 lampas
741 2745 887 2800 illuminat
911 2746 1029 2801 domum
1054 2746 1081 2800 in
1105 2763 1160 2819 qua

175 2845 225 2903 est,
250 2834 291 2889 sic
309 2833 387 2906 fides
410 2833 554 2889 illuminat
577 2833 704 2888 animam
729 2832 809 2887 cuius
832 2843 884 2888 est.
908 2832 1087 2888 Accenditur
1109 2834 1161 2888 hee

176 2922 289 2995 lampas
313 2921 381 2997 igne
414 2921 506 2975 divini
537 2920 625 2975 uerbi.
671 2919 795 2975 Verbum
824 2920 897 2974 enirn
922 2920 980 2975 Dei
1006 2919 1084 2996 ignis
1107 2931 1159 2992 est,

174 3008 247 3062 sicut
272 3008 340 3063 dicit
364 3008 523 3063 Dominus:
547 3008 647 3084 Ignem
673 3007 738 3061 ueni
752 3007 867 3062 mittere
889 3006 917 3060 in
941 3018 1063 3062 terram.
1089 3007 1158 3062 Item

176 3095 285 3150 dicente
308 3095 465 3169 Apostolo:
495 3095 584 3150 Fides
612 3111 651 3150 ex
674 3093 785 3164 auditu,
818 3093 936 3149 auditus
962 3111 1017 3169 per
1040 3095 1159 3150 uerbum

134 3195 164 3241 '50
175 3182 239 3237 Ilei.
266 3181 417 3256 Accipiunt
434 3182 564 3237 homines
587 3182 661 3236 hanc
685 3181 861 3255 lampadem,
886 3183 1001 3255 quando
1018 3181 1161 3238 venientes

174 3269 214 3322 ad
240 3268 389 3325 Christum
410 3285 468 3344 per
490 3269 658 3324 sacerdotes
680 3267 825 3343 accipiunt
848 3269 989 3323 traditam
1006 3268 1061 3324 sibi
1084 3270 1159 3324 ueri-

175 3355 242 3411 tatis
266 3355 440 3421 doctrinam,
463 3367 512 3410 aut
537 3350 627 3431 (sicut
643 3355 718 3411 alius
730 3352 832 3435 putat)
858 3356 976 3411 uerbum
992 3355 1071 3432 fidei
1085 3357 1162 3431 quod

175 3443 338 3518 accepimus
354 3443 520 3498 accedentes
541 3444 580 3497 ad
599 3441 749 3497 Christum
767 3444 886 3498 lucerna
910 3443 980 3513 eius,
1003 3444 1160 3498 secundum

175 3530 253 3603 quod
274 3529 416 3606 scriptum
442 3541 498 3586 est:
530 3529 665 3585 Lucerna
684 3529 808 3604 pedibus
831 3529 902 3585 meis
927 3530 1044 3586 uerbum
1069 3540 1160 3585 tuum.

134 3624 163 3675 35
180 3616 281 3672 Oleum
305 3627 348 3672 est
371 3617 505 3673 doctrina
528 3617 714 3673 sacerdotum
737 3627 788 3673 aut
810 3627 975 3673 ceterarum
999 3616 1161 3692 scriptura·

176 3722 251 3773 rum,
274 3704 407 3778 quoniam
432 3705 507 3760 sicut
530 3705 661 3775 lucerna,
685 3704 741 3760 nisi
762 3703 1030 3760 subministraveris
1053 3704 1159 3772 oleum,

175 3790 380 3868 extinguetur:
417 3791 490 3847 sicut
526 3791 644 3846 verbum
668 3790 746 3866 fidei
779 3791 873 3847 nostri
902 3791 981 3866 quod
1011 3791 1160 3847 credentes

227 4136 245 4166 2.
262 4126 295 4167 A:
310 4124 370 4167 hanc
384 4124 456 4167 deest.
537 4137 557 4178 7.
574 4125 603 4168 B:
619 4127 718 4168 alterum
732 4124 858 4167 diabolum.
956 4156 961 4166 .
977 4127 1013 4168 A:
1027 4125 1160 4169 adulterino

175 4176 244 4220 deest.
301 4178 332 4220 sti.
346 4179 379 4220 A:
396 4176 484 4220 Christi
496 4179 568 4221 deest.
622 4176 654 4220 25.
669 4181 702 4220 A:
717 4177 779 4219 sieut
791 4177 862 4219 deest.
918 4189 929 4220 2
947 4210 951 4219 .
967 4178 1002 4221 A:
1018 4177 1077 4221 dicit
1088 4179 1159 4221 deest.

175 4227 207 4282 37.
224 4229 253 4271 B:
269 4229 417 4284 extinguitur
422 4244 431 4280 ;
444 4230 475 4272 ib.
491 4232 527 4273 A:
544 4229 590 4272 Det
602 4230 684 4273 nostri.

232 4388 269 4421 12.
290 4373 318 4421 ll.
339 4374 399 4422 Cor.
420 4373 460 4432 Xl,
481 4389 504 4434 2,
525 4376 547 4424 3.
596 4372 636 4421 28.
657 4374 744 4421 Lucae
763 4374 816 4434 Xll,
839 4390 876 4439 ¹9·
914 4388 954 4439 29.
974 4374 1050 4422 Rom.
1070 4374 1101 4436 X,
1124 4390 1160 4439 ¹7·

176 4445 217 4504 34.
237 4442 333 4490 Psalm.
353 4443 463 4504 cxvm,
492 4444 547 4492 105.
