3098 5130
571 501 660 549 opus
679 501 930 550 nvnuoetncuu
953 500 1015 548 mn.
1036 499 1076 549 111.
1148 479 1230 562 [cat.
1246 493 1328 537 tavi.

343 678 399 715 non
418 661 561 734 permittit
579 660 662 738 longi
683 661 823 736 temporis
846 679 916 737 opus
937 661 1076 736 implere;
1098 660 1139 715 sie
1162 671 1189 715 et
1213 660 1329 716 domino

343 747 459 802 absente
483 749 578 804 malus
600 766 703 804 seruus
728 767 782 804 non
806 748 906 824 aspicit
930 766 1029 824 opera,
1062 748 1133 823 quid
1147 747 1237 822 facit,
1262 747 1331 821 quid

344 852 399 889 non
415 835 495 907 jacit
520 847 569 890 aut
592 836 736 909 quomodo
759 836 862 905 credit,
891 853 942 892 nec
965 835 1076 912 cogitat
1101 835 1167 909 quia
1192 845 1331 890 venturus

344 932 386 977 est
409 922 545 978 clouiinus
567 923 628 979 eius
651 933 678 978 et
701 941 792 998 opera
816 934 988 999 aspecturus
1011 934 1037 978 et
1052 921 1158 997 fidem,
1191 923 1243 977 sed
1266 941 1329 978 cum

345 1008 450 1063 uiderit
473 1028 537 1066 euin
563 1010 719 1065 renuentem
744 1011 780 1066 cie
803 1011 901 1088 longe,
934 1021 1001 1066 tuuc
1024 1010 1125 1085 aspicit
1154 1027 1243 1085 opera
1267 1024 1355 1077 sua,5

344 1106 410 1151 tttnc
427 1096 523 1171 incipit
538 1097 696 1171 festinare,
720 1098 772 1153 sed
789 1098 877 1153 nichil
892 1097 919 1153 ei
934 1098 1070 1173 proderit
1085 1097 1245 1172 festinacio
1261 1097 1330 1162 eius,

345 1184 409 1256 quia
434 1183 619 1261 negligencia
653 1186 810 1240 multorum
837 1184 949 1241 alierum
983 1204 1038 1239 non
1059 1195 1154 1260 potest
1178 1203 1233 1240 una
1256 1184 1330 1238 hora

345 1269 470 1345 impleri.
495 1272 558 1327 Hec
584 1270 796 1331 Crisostomus

138 1350 324 1456 iiiaitloigiieiit
387 1357 514 1414 Videtur
537 1358 628 1414 istum
654 1373 790 1416 sanctum
809 1359 1003 1415 concorditer
1026 1360 1064 1415 ad
1090 1357 1170 1414 dicta
1194 1356 1331 1431 superius

135 1445 455 1501 cmisrsseconadocere
489 1447 626 1519 exemplo
656 1465 811 1503 armorum
847 1449 970 1521 quando
996 1445 1137 1503 conducti
1163 1457 1376 1507 monstrent10

178 1509 280 1552 wem·
344 1549 376 1587 se
399 1535 438 1589 ad
463 1532 658 1590 idoneitatem
696 1533 846 1603 bellicam,
880 1534 1010 1609 qualiter
1039 1532 1069 1589 in
1103 1533 1184 1589 finali
1218 1531 1331 1587 iudicio

344 1633 505 1676 occurrent
537 1619 647 1695 singuli
672 1639 703 1676 se
727 1634 879 1695 paranteS,
915 1634 943 1676 et
967 1621 1009 1677 ita
1033 1619 1171 1694 quamvis
1195 1618 1332 1693 quolibet

344 1725 424 1762 anno
448 1707 576 1781 legimus
600 1709 636 1764 de
661 1711 792 1764 adventu
822 1707 936 1780 duplici
961 1707 1136 1778 SalvatoriS,
1170 1708 1207 1762 de
1231 1705 1331 1780 primo

344 1797 499 1869 quomodo
531 1794 628 1851 venit·
646 1793 675 1850 in
709 1794 879 1851 humilitate
905 1808 933 1852 et
957 1794 1023 1853 aliis
1047 1793 1208 1851 virtutibus
1232 1793 1330 1849 incar-

343 1884 472 1951 nandus,
498 1880 527 1937 in
552 1884 686 1938 secundo
704 1883 859 1957 quomodo
883 1882 983 1939 veniet
1007 1883 1044 1939 ad
1072 1882 1161 1938 finale
1186 1879 1330 1936 iudicium
1347 1885 1374 1935 15

344 1968 530 2025 iudicaturus
562 1988 632 2025 suos
668 1968 778 2026 milites
811 1988 887 2044 quos
922 1983 984 2026 tam
1019 1982 1106 2026 acute
1142 1967 1171 2024 in
1206 1968 1264 2023 fide
1289 1966 1332 2022 in-

343 2068 501 2113 struxerat'
516 2070 544 2113 et
567 2056 686 2127 virtute,
713 2069 816 2113 tamen
840 2057 975 2113 delectus
999 2055 1068 2112 fidei
1093 2069 1122 2112 et
1145 2053 1333 2128 negligencia

344 2145 380 2199 de
404 2145 536 2201 secundo
560 2145 689 2201 adventu
707 2143 830 2200 Domini
852 2143 923 2201 facit
941 2144 1051 2200 multos
1068 2142 1098 2199 in
1115 2141 1333 2217 preparaeione

344 2250 499 2287 armorum
517 2231 662 2287 virtutum
687 2245 860 2306 torpescere
883 2245 912 2287 et
936 2231 977 2287 sic
1002 2249 1096 2306 quare
1113 2229 1243 2286 viatores
1267 2228 1332 2304 qui-

344 2337 463 2394 cunque
487 2318 528 2375 sic
553 2320 709 2392 peccando
727 2319 880 2390 deliciunt,
905 2331 1011 2392 torpor
1035 2317 1104 2373 fidei
1122 2317 1212 2374 estin
1230 2334 1376 2374 causano

706 2614 809 2676 CAP.
834 2612 964 2674 LXVI.

389 2756 531 2831 Sequitur
561 2757 591 2813 in
620 2769 701 2812 textu
727 2756 867 2812 Matthei:
906 2757 999 2812 Fatue
1027 2767 1121 2812 auteur
1155 2755 1331 2831 sapientibus

346 2845 501 2900 dixerunt:
524 2844 602 2899 Date
619 2843 699 2899 uobis
716 2845 752 2899 de
768 2845 830 2899 oleo
848 2855 955 2913 uestro,
980 2842 1045 2917 quia
1064 2844 1217 2918 lampades
1233 2854 1333 2898 nostre

344 2932 568 3009 extinguuntur.

178 3024 280 3066 tuomet
389 3020 485 3092 Super
509 3037 570 3092 quo
593 3020 786 3090 leronymus:
817 3017 880 3085 Que
904 3017 1055 3092 lampades
1078 3036 1146 3073 suas
1169 3028 1374 3092 querunturab

148 3077 314 3183 '‘eiiii-isirin
345 3105 480 3182 extingui
511 3107 663 3161 ostendunt
696 3124 745 3162 eas
768 3123 806 3160 ex
826 3116 914 3180 parte
938 3105 1050 3160 lucere:
1087 3115 1114 3159 et
1146 3116 1241 3160 tamen
1277 3124 1331 3159 riou

133 3182 155 3224 ³¹¹
173 3183 223 3224 weu
240 3182 318 3234 doing.
345 3192 448 3247 liabent
472 3193 567 3247 lumen
591 3191 756 3270 indeficiens
779 3210 829 3247 nec
846 3210 934 3268 opera
956 3203 1109 3267 perpetua.
1135 3191 1168 3246 Si
1190 3191 1253 3266 quis
1276 3192 1331 3268 igi-

345 3290 394 3334 tur
418 3280 502 3335 habet
525 3281 651 3336 animaru
677 3279 854 3357 virginalem
879 3290 906 3335 et
935 3297 1065 3335 amorem
1085 3279 1237 3355 pudicicie,
1277 3298 1332 3333 non

345 3367 426 3422 debet
461 3367 654 3424 mediocribus
678 3384 739 3423 esse
762 3377 921 3427 conuentus.
951 3384 1003 3440 que
1028 3367 1082 3421 cito
1115 3367 1283 3421 exolescunt
1306 3376 1332 3420 et

346 3466 411 3509 orto
443 3466 576 3511 caumate
599 3455 733 3530 arefiunt,
766 3455 819 3509 sed
845 3455 997 3529 perfectas
1030 3454 1152 3508 uirtutes
1183 3464 1331 3527 sequatur,
1345 3458 1375 3505 3⁰

346 3552 375 3595 ut
399 3541 494 3597 lunien
519 3542 622 3598 lrabeat
645 3541 861 3615 sempiternum.
890 3542 952 3596 liec
976 3543 1166 3613 leronymus.

388 3627 512 3684 Videtur
546 3629 636 3685 istum
661 3640 798 3684 sanctum
825 3627 872 3683 uie
897 3641 924 3683 et
958 3627 1040 3701 prius
1065 3626 1225 3700 concipere
1250 3629 1330 3700 quod

346 3714 400 3771 iste
425 3717 527 3771 decem
553 3715 683 3788 uirgines
707 3714 827 3786 signant
852 3714 1024 3788 specialiter
1049 3715 1116 3771 illos
1141 3714 1191 3788 qui
1218 3713 1330 3769 iudica-

345 3804 457 3857 buntur
481 3818 508 3857 et
533 3804 689 3876 quondam
716 3801 744 3856 in
769 3801 931 3857 virtutibus
956 3803 1189 3875 splenduerunt3
1212 3820 1330 3857 verum-

345 3902 446 3945 tamen
471 3888 589 3945 uidetur
614 3909 674 3945 non
700 3908 869 3962 repugnare
893 3888 995 3944 sensui
1021 3889 1165 3962 evangelii
1192 3889 1236 3943 sel
1262 3886 1372 3943 fideiss

398 4231 419 4265 a.
436 4217 469 4258 A:
485 4220 656 4269 perspecturus.
704 4230 725 4259 u.
743 4215 762 4256 Α
778 4215 799 4255 iu
817 4225 903 4266 marg:
918 4212 1043 4255 lohannes.
1092 4226 1121 4254 21.
1136 4214 1168 4254 A:
1183 4211 1238 4265 Cap.
1250 4210 1325 4253 tn'tt'.

345 4267 559 4362 pgllpzlmippsmacga
583 4267 728 4320 leronymus.
809 4266 843 4306 eti.
867 4269 899 4307 A:
916 4272 1017 4319 experte.
1108 4264 1140 4305 1⁴2.
1161 4267 1181 4305 Α
1205 4265 1227 4305 in
1244 4276 1329 4315 marg:

398 4461 437 4493 22.
457 4445 547 4494 Manli.
567 4446 645 4498 XXV,
664 4443 689 4491 8.
776 4444 815 4492 25.
836 4444 940 4492 Comm.
961 4445 986 4491 in
1006 4442 1096 4491 Mattlr.
1115 4442 1132 4490 l.
1151 4457 1173 4490 e.
1192 4458 1250 4506 pag.
1272 4458 1329 4504 204.
