3098 5130
411 459 500 510 oeus
519 456 771 508 rvnuorrrcuu
792 456 856 506 uu.
874 455 916 508 tu.
989 437 1080 522 [cur.
1095 452 1175 499 ιιι.

174 620 287 698 fidelis,
306 637 396 696 super
415 621 506 675 multa
530 631 557 674 te
579 620 761 679 constituam.
788 619 868 674 lutra
885 618 1082 696 ingaudium
1106 621 1175 678 Do-

173 707 244 762 mini
265 707 316 767 tui.

216 795 313 868 Super
336 814 397 869 quo
420 793 640 851 Crisostomus:
675 793 714 848 Et
743 793 770 849 si
792 792 888 848 minor
910 792 939 848 in
963 810 1068 868 opere,
1112 814 1174 852 non

173 881 270 937 minor
291 883 319 936 in
344 883 497 938 uoluntate.
527 881 632 937 Videas
647 892 743 936 autem
769 880 902 936 dominus
918 880 985 954 quia
1006 899 1100 938 seruo
1125 883 1176 938 illi

173 988 228 1025 non
254 968 388 1025 voluntas
411 968 554 1046 operandi
575 968 671 1023 minor
688 967 761 1042 suit,
791 968 843 1023 sed
867 966 960 1023 uirtus
975 967 1066 1045 fidei,
1097 969 1200 1026 ttam5

173 1068 201 1113 et
224 1056 274 1111 ille
298 1056 387 1112 voluit
409 1057 546 1112 similiter
573 1055 696 1130 operari
717 1054 844 1130 atriplius
867 1054 920 1110 sed
942 1055 1064 1131 iungitis
1089 1057 1172 1113 desi-

174 1144 264 1200 deriis
295 1143 356 1199 eius
387 1162 442 1199 uon
469 1143 581 1217 suffecit
610 1142 723 1197 modica
738 1142 834 1217 fides:
867 1141 932 1197 ideo
955 1141 1049 1197 iustus
1074 1143 1174 1200 iudex

173 1231 228 1287 etsi
249 1249 304 1286 uon
335 1231 441 1286 similia
476 1231 559 1286 lucro
583 1230 706 1305 suscepit
739 1229 775 1283 ab
799 1228 850 1284 illo
872 1239 1010 1303 quantum
1035 1230 1074 1284 ab
1099 1231 1172 1302 isto,

174 1329 269 1374 tamen
308 1318 349 1374 sic
372 1317 573 1374 benevolertcia
596 1317 678 1372 illum
713 1316 837 1392 suscepit
865 1315 1114 1390 quemadmodum
1142 1330 1171 1374 et

175 1407 270 1475 istum,
294 1406 360 1480 quia
381 1404 516 1460 Christus
540 1422 595 1459 raon
619 1404 717 1480 magis
741 1414 946 1459 remunerator
969 1414 1012 1459 est
1035 1422 1169 1479 operum
1186 1421 1219 1455 to

174 1511 259 1568 quam
290 1493 479 1548 voluntatum.
516 1491 578 1547 Nec
597 1501 679 1566 putet
702 1508 777 1567 ergo
808 1490 863 1546 sibi
894 1490 986 1545 laicus
1009 1491 1077 1565 quia
1104 1492 1171 1548 dia·

174 1598 274 1648 conus,
298 1597 337 1635 ex
359 1599 391 1636 eo
415 1580 492 1654 qttod
516 1579 654 1634 diaeonus
676 1588 729 1649 est,
752 1578 871 1633 beatior
893 1588 935 1633 est
958 1596 1045 1652 quam
1071 1579 1172 1636 laicus

175 1666 331 1724 studiosus.
372 1667 437 1722 Non
467 1666 541 1722 enim
566 1665 697 1743 dignitas
720 1664 801 1740 apud
820 1661 825 1743 Ι
846 1665 941 1720 Deum
965 1665 1171 1722 honorabitur
1203 1663 1271 1729 430⁵

175 1754 227 1809 sed
243 1753 385 1809 voluntas.
410 1753 472 1809 Nec
488 1753 609 1809 diacono
633 1771 664 1809 se
680 1752 842 1808 beatiorem
860 1752 942 1808 debet
953 1762 1065 1827 putare
1077 1771 1169 1828 pres·

174 1840 263 1918 lister
285 1857 324 1896 ex
348 1858 381 1896 eo
410 1841 488 1914 quod
508 1840 668 1919 presbyter
689 1850 740 1907 est,
772 1858 858 1915 quiam
890 1839 917 1894 si
940 1839 1040 1914 suerit
1072 1840 1215 1900 bonusr5

176 1927 279 1997 laicus,
302 1946 368 1982 uam
389 1928 506 2004 gradus
523 1927 677 1984 ministerii
690 1945 730 1983 es·
746 1928 810 1983 Deo
833 1937 886 1995 est,
906 1928 1041 2002 perfecta
1065 1939 1168 1984 autem

177 2014 310 2070 voluntas
333 2032 372 2070 ex
394 2015 484 2072 uobis.
514 2015 677 2092 Propterea
701 2034 757 2070 uon
780 2032 880 2070 sumus
904 2014 1061 2083 iudicandi,
1097 2016 1169 2090 quia

178 2119 233 2156 non
248 2102 378 2176 jecimus
401 2103 478 2176 quod
498 2101 526 2157 in
546 2112 635 2178 parte
658 2114 758 2158 nostra
782 2121 838 2158 uon
862 2112 904 2157 est
927 2113 958 2157 ut
980 2102 1090 2170 simus;
1111 2104 1170 2160 sed

177 2206 217 2244 ex
238 2207 271 2244 eo
294 2207 393 2245 sumus
416 2189 574 2261 iudicandi,
597 2188 663 2264 quia
686 2190 714 2246 iu
739 2190 819 2246 uobis
842 2200 884 2245 est
903 2190 1041 2265 possibile
1063 2190 1091 2246 si
1114 2208 1167 2247 vo·

178 2275 283 2332 tumus.
309 2278 372 2333 Hec
396 2276 609 2335 Crisostomus.
1180 2301 1215 2336 πο

0 2374 160 2419 eremitis
220 2362 347 2419 Videtur
372 2363 461 2420 istum
496 2377 634 2420 sanctum
661 2364 804 2420 reducere
838 2363 1034 2438 equalitatem
1061 2363 1166 2421 meriti

1 2428 166 2529 ⁸?„,{f¹2{a{‘2,}„
179 2451 217 2505 ad
241 2450 345 2513 laicos.
379 2450 524 2507 diaconos
548 2466 639 2525 atque
663 2453 864 2525 presbyteros,
904 2452 1011 2508 saltem
1041 2451 1066 2507 si
1091 2469 1166 2508 con·

1 2532 120 2627 Ηθῆωθῦ
136 2532 156 2574 if
179 2537 290 2594 formes
314 2537 424 2594 fuerint
447 2539 610 2608 voluntate,
635 2538 712 2595 sicut
736 2537 778 2593 illi
801 2537 831 2594 in
855 2537 1007 2612 primitiva
1025 2537 1166 2607 ecclesia,

20 2585 160 2679 qpmpettri
180 2623 248 2680 licet
274 2627 435 2681 modernos
463 2625 642 2682 excesserint
675 2625 705 2681 in
730 2624 924 2682 multitudine
948 2644 1165 2683 conversorum

180 2711 260 2767 etin
284 2711 561 2786 exemplacionibus
591 2715 669 2769 bone
693 2711 766 2782 vite3
801 2713 883 2787 quod
907 2712 1031 2787 quidam
1056 2720 1211 2772 notant25

180 2815 233 2871 per
257 2816 409 2856 excessum
439 2799 594 2857 dualitatis
625 2799 757 2875 quinarii
781 2818 872 2874 super
896 2801 967 2871 due,
1006 2800 1031 2857 si
1060 2813 1165 2857 tamen

181 2904 250 2959 pars
274 2886 363 2942 fuerit
387 2887 417 2943 in
440 2888 595 2944 voluntate
619 2887 729 2956 meriti,
765 2886 950 2944 rationabile
973 2901 1016 2944 est
1041 2901 1070 2944 et
1093 2904 1167 2944 con·

180 2971 302 3028 veniens
338 2973 437 3030 divine
473 2973 679 3031 misericordie
711 2976 793 3049 quod
818 2973 968 3049 equaliter
991 2974 1049 3031 sint
1073 2972 1165 3032 beati.

183 3059 213 3115 si
238 3073 339 3116 autem
365 3060 477 3118 invidia
506 3062 552 3119 vel
576 3061 726 3136 cupiditas
751 3062 931 3119 laboraverit
956 3061 986 3118 in
1011 3060 1165 3119 modernis

181 3145 366 3218 doctoribus,
391 3168 453 3206 non
472 3148 580 3206 mirum
598 3149 622 3205 si
639 3149 792 3223 extinguat
809 3148 951 3206 meritum
969 3163 997 3206 et
1012 3147 1164 3224 premium
1177 3156 1212 3207 3ο

182 3249 412 3307 consequenter.
446 3236 518 3293 lusti
543 3235 623 3292 enim
647 3238 780 3310 gaudent
813 3240 850 3293 de
875 3236 1070 3294 multitudine
1094 3254 1165 3294 con-

181 3340 335 3378 versorum
362 3335 390 3379 et
414 3336 531 3398 quanto
555 3323 656 3397 plures
680 3324 802 3395 fuerint,
828 3326 864 3380 de
888 3337 974 3381 tanto
992 3343 1059 3382 cum
1085 3322 1165 3397 pari·

182 3411 236 3465 bus
262 3408 356 3481 magis
380 3413 522 3483 gaudent.
549 3412 615 3466 Non
639 3410 719 3467 enirn
745 3424 877 3486 querunt
902 3412 1020 3469 lucrum
1046 3425 1165 3485 tempo·

182 3498 243 3553 tale
267 3497 460 3569 singulariter
484 3517 500 3554 a
523 3497 648 3570 singulis
672 3517 748 3572 quos
772 3498 948 3570 informant,
979 3498 1057 3556 sicut
1081 3515 1164 3555 men-

8 3589 99 3679 apruna
112 3582 317 3640 mendicantes
350 3584 473 3658 quidam
509 3597 640 3658 querunt
674 3588 711 3642 ab
747 3586 899 3642 auditorio
923 3606 978 3643 suo
1002 3584 1209 3661 pecuniam35

33 3651 122 3695 ΨΜ·
182 3687 216 3725 ac
241 3671 263 3725 si
289 3673 462 3745 pedagogus
486 3685 625 3746 quereret
650 3672 833 3745 stipendium
863 3693 880 3729 a
904 3673 965 3730 suis
988 3672 1164 3744 scolaribus,

183 3758 227 3813 sel
262 3758 465 3814 mercenarius
499 3771 639 3832 quereret
672 3759 855 3833 stipendium
890 3760 1166 3834 proporcionaliter

235 4042 254 4086 3.
270 4045 290 4087 A
306 4046 329 4087 in
345 4056 431 4096 marg:
448 4043 611 4088 Crr'rostomru.
679 4057 698 4099 γ.
714 4048 747 4089 A:
767 4046 817 4089 eius
838 4046 909 4089 deest.
979 4050 999 4091 8.
1020 4048 1049 4090 B:
1070 4052 1165 4102 quanto.

184 4106 209 4137 rr.
229 4098 262 4139 A:
279 4108 338 4151 ergo
354 4096 425 4139 deest.
481 4108 556 4139 u-ra.
571 4100 605 4141 A:
620 4097 733 4141 dlaconus
743 4098 812 4140 deest.
869 4110 898 4142 ta.
914 4101 947 4142 A:
963 4105 996 4142 ert
1011 4102 1074 4143 deest
1089 4100 1167 4143 before

183 4148 282 4191 beatior.
364 4161 395 4198 ¹4·
412 4148 719 4192 &aramma-actorem.
792 4150 820 4193 15.
840 4152 874 4194 A:
895 4156 928 4195 est
943 4152 1012 4194 deest.
1088 4165 1119 4207 ¹9-
1137 4153 1166 4195 tt:

183 4202 246 4252 quod
258 4201 282 4242 in
297 4201 370 4243 notris.
447 4210 478 4240 21.
494 4202 514 4243 A
530 4202 553 4244 in
569 4214 655 4255 marg:
676 4202 801 4245 loltauues.
888 4204 912 4247 25
942 4205 970 4246 B:
986 4206 1165 4251 exemrlaciorte.

183 4263 218 4304 27-
234 4251 337 4295 Rectius:
350 4263 424 4307 pares
431 4249 534 4306 suerint.
602 4255 637 4296 30.
653 4256 686 4296 A:
701 4255 832 4297 meriritum.
900 4255 936 4309 34-
952 4260 985 4300 A:
1000 4270 1014 4299 u
1030 4258 1100 4300 deest.

237 4378 260 4428 3.
279 4377 330 4441 Op.
351 4377 415 4442 imp.
435 4375 449 4424 l.
470 4391 492 4425 c.
511 4393 569 4443 pag.
589 4378 648 4447 965.
