<?xml version="1.0" encoding="UTF-8"?>
<!DOCTYPE html PUBLIC "-//W3C//DTD XHTML 1.0 Transitional//EN"
    "http://www.w3.org/TR/xhtml1/DTD/xhtml1-transitional.dtd">
<html xmlns="http://www.w3.org/1999/xhtml" xml:lang="en" lang="en">
 <head>
  <title>
</title>
<meta http-equiv="Content-Type" content="text/html;charset=utf-8" />
  <meta name='ocr-system' content='tesseract 3.04.00' />
  <meta name='ocr-capabilities' content='ocr_page ocr_carea ocr_par ocr_line ocrx_word'/>
</head>
<body>
  <div class='ocr_page' id='page_1' title='image "./iohanniswyclifo01wyclgoog_0334.png"; bbox 0 0 3098 5130; ppageno 0'>
   <div class='ocr_carea' id='block_1_1' title="bbox 219 485 946 572">
    <p class='ocr_par' dir='ltr' id='par_1_1' title="bbox 219 485 946 572">
     <span class='ocr_line' id='line_1_1' title="bbox 219 485 946 572; baseline 0.015 -26"><span class='ocrx_word' id='word_1_1' title='bbox 219 500 286 546; x_wconf 73' lang='lat' dir='ltr'><em>cue.</em></span> <span class='ocrx_word' id='word_1_2' title='bbox 304 485 357 572; x_wconf 75' lang='lat' dir='ltr'><em>us]</em></span> <span class='ocrx_word' id='word_1_3' title='bbox 511 506 556 557; x_wconf 78' lang='lat' dir='ltr'><em>ne</em></span> <span class='ocrx_word' id='word_1_4' title='bbox 577 505 813 557; x_wconf 76' lang='lat' dir='ltr'><em>nustcnmsso</em></span> <span class='ocrx_word' id='word_1_5' title='bbox 834 507 897 558; x_wconf 68' lang='lat' dir='ltr'><em>[tn.</em></span> <span class='ocrx_word' id='word_1_6' title='bbox 916 507 946 558; x_wconf 83' lang='lat'><em>11.</em></span> 
     </span>
    </p>
   </div>
   <div class='ocr_carea' id='block_1_2' title="bbox 194 666 1208 1182">
    <p class='ocr_par' dir='ltr' id='par_1_2' title="bbox 194 666 1208 1182">
     <span class='ocr_line' id='line_1_2' title="bbox 218 666 1206 744; baseline 0.002 -21"><span class='ocrx_word' id='word_1_7' title='bbox 218 667 323 723; x_wconf 87' lang='lat' dir='ltr'><em>mirum</em></span> <span class='ocrx_word' id='word_1_8' title='bbox 348 667 374 723; x_wconf 92' lang='lat' dir='ltr'><em>si</em></span> <span class='ocrx_word' id='word_1_9' title='bbox 405 666 482 724; x_wconf 82' lang='lat' dir='ltr'><em>misit</em></span> <span class='ocrx_word' id='word_1_10' title='bbox 515 686 619 743; x_wconf 79' lang='lat' dir='ltr'><em>aquom</em></span> <span class='ocrx_word' id='word_1_11' title='bbox 653 667 681 722; x_wconf 90' lang='lat' dir='ltr'><em>in</em></span> <span class='ocrx_word' id='word_1_12' title='bbox 712 668 837 744; x_wconf 86' lang='lat' dir='ltr'><em>pelvem,</em></span> <span class='ocrx_word' id='word_1_13' title='bbox 866 669 941 724; x_wconf 90' lang='lat' dir='ltr'><em>unde</em></span> <span class='ocrx_word' id='word_1_14' title='bbox 974 669 1088 725; x_wconf 79' lang='lat' dir='ltr'><em>lavaret</em></span> <span class='ocrx_word' id='word_1_15' title='bbox 1116 670 1206 744; x_wconf 88' lang='lat' dir='ltr'><em>pedes</em></span> 
     </span>
     <span class='ocr_line' id='line_1_3' title="bbox 218 754 1206 833; baseline 0.002 -23"><span class='ocrx_word' id='word_1_16' title='bbox 218 755 426 830; x_wconf 89' lang='lat' dir='ltr'><em>discipulorum</em></span> <span class='ocrx_word' id='word_1_17' title='bbox 450 754 500 830; x_wconf 87' lang='lat' dir='ltr'><em>qui</em></span> <span class='ocrx_word' id='word_1_18' title='bbox 521 757 681 812; x_wconf 88' lang='lat' dir='ltr'><em>interram</em></span> <span class='ocrx_word' id='word_1_19' title='bbox 704 755 877 833; x_wconf 77' lang='lat' dir='ltr'><em>sanguinem</em></span> <span class='ocrx_word' id='word_1_20' title='bbox 895 755 981 830; x_wconf 85' lang='lat' dir='ltr'><em>judit</em></span> <span class='ocrx_word' id='word_1_21' title='bbox 1004 775 1059 832; x_wconf 86' lang='lat' dir='ltr'><em>quo</em></span> <span class='ocrx_word' id='word_1_22' title='bbox 1083 757 1206 812; x_wconf 90' lang='lat' dir='ltr'><em>immun·</em></span> 
     </span>
     <span class='ocr_line' id='line_1_4' title="bbox 219 841 1207 918; baseline 0.004 -22"><span class='ocrx_word' id='word_1_23' title='bbox 219 841 323 898; x_wconf 88' lang='lat' dir='ltr'><em>diciam</em></span> <span class='ocrx_word' id='word_1_24' title='bbox 347 842 472 899; x_wconf 82' lang='lat' dir='ltr'><em>dilueret</em></span> <span class='ocrx_word' id='word_1_25' title='bbox 491 842 705 918; x_wconf 81' lang='lat' dir='ltr'><em>peccatorum?</em></span> <span class='ocrx_word' id='word_1_26' title='bbox 747 843 826 910; x_wconf 87' lang='lat' dir='ltr'><em>Quid</em></span> <span class='ocrx_word' id='word_1_27' title='bbox 853 843 959 899; x_wconf 89' lang='lat' dir='ltr'><em>mirum</em></span> <span class='ocrx_word' id='word_1_28' title='bbox 987 844 1014 899; x_wconf 89' lang='lat' dir='ltr'><em>si</em></span> <span class='ocrx_word' id='word_1_29' title='bbox 1040 844 1127 900; x_wconf 89' lang='lat' dir='ltr'><em>linteo</em></span> <span class='ocrx_word' id='word_1_30' title='bbox 1152 862 1207 918; x_wconf 86' lang='lat' dir='ltr'><em>qno</em></span> 
     </span>
     <span class='ocr_line' id='line_1_5' title="bbox 218 929 1206 1005; baseline -0.001 -20"><span class='ocrx_word' id='word_1_31' title='bbox 218 939 283 985; x_wconf 90' lang='lat' dir='ltr'><em>erat</em></span> <span class='ocrx_word' id='word_1_32' title='bbox 304 929 468 1004; x_wconf 88' lang='lat' dir='ltr'><em>precinctus</em></span> <span class='ocrx_word' id='word_1_33' title='bbox 488 931 580 1005; x_wconf 90' lang='lat' dir='ltr'><em>pedes</em></span> <span class='ocrx_word' id='word_1_34' title='bbox 610 948 682 1005; x_wconf 79' lang='lat' dir='ltr'><em>quos</em></span> <span class='ocrx_word' id='word_1_35' title='bbox 707 930 820 985; x_wconf 80' lang='lat' dir='ltr'><em>laverat</em></span> <span class='ocrx_word' id='word_1_36' title='bbox 844 931 936 1001; x_wconf 88' lang='lat' dir='ltr'><em>tersit,</em></span> <span class='ocrx_word' id='word_1_37' title='bbox 970 931 1019 1005; x_wconf 85' lang='lat' dir='ltr'><em>qui</em></span> <span class='ocrx_word' id='word_1_38' title='bbox 1040 949 1129 986; x_wconf 84' lang='lat' dir='ltr'><em>carne</em></span> <span class='ocrx_word' id='word_1_39' title='bbox 1151 948 1206 1005; x_wconf 79' lang='lat' dir='ltr'><em>qua</em></span> 
     </span>
     <span class='ocr_line' id='line_1_6' title="bbox 194 1015 1207 1104; baseline 0.003 -33"><span class='ocrx_word' id='word_1_40' title='bbox 194 1021 282 1072; x_wconf 68' lang='lat' dir='ltr'><em>ierat</em></span> <span class='ocrx_word' id='word_1_41' title='bbox 298 1016 416 1073; x_wconf 88' lang='lat' dir='ltr'><em>indutus</em></span> <span class='ocrx_word' id='word_1_42' title='bbox 429 1015 689 1095; x_wconf 78' lang='lat' dir='ltr'><em>Euangelistarum</em></span> <span class='ocrx_word' id='word_1_43' title='bbox 708 1016 832 1094; x_wconf 77' lang='lat' dir='ltr'><em>uestigia</em></span> <span class='ocrx_word' id='word_1_44' title='bbox 842 1017 1103 1104; x_wconf 60' lang='lat' dir='ltr'><em>confirmaritlsst</em></span> <span class='ocrx_word' id='word_1_45' title='bbox 1120 1018 1207 1074; x_wconf 90' lang='lat' dir='ltr'><em>linteo</em></span> 
     </span>
     <span class='ocr_line' id='line_1_7' title="bbox 219 1103 1208 1182; baseline 0.001 -24"><span class='ocrx_word' id='word_1_46' title='bbox 219 1103 332 1178; x_wconf 88' lang='lat' dir='ltr'><em>quidem</em></span> <span class='ocrx_word' id='word_1_47' title='bbox 358 1114 388 1159; x_wconf 93' lang='lat' dir='ltr'><em>ut</em></span> <span class='ocrx_word' id='word_1_48' title='bbox 411 1122 442 1161; x_wconf 92' lang='lat' dir='ltr'><em>se</em></span> <span class='ocrx_word' id='word_1_49' title='bbox 462 1104 653 1182; x_wconf 79' lang='lat' dir='ltr'><em>precingeret</em></span> <span class='ocrx_word' id='word_1_50' title='bbox 680 1104 776 1178; x_wconf 91' lang='lat' dir='ltr'><em>posuit</em></span> <span class='ocrx_word' id='word_1_51' title='bbox 801 1104 968 1160; x_wconf 83' lang='lat' dir='ltr'><em>vestimenta</em></span> <span class='ocrx_word' id='word_1_52' title='bbox 992 1123 1046 1180; x_wconf 86' lang='lat' dir='ltr'><em>qne</em></span> <span class='ocrx_word' id='word_1_53' title='bbox 1069 1105 1208 1180; x_wconf 74' lang='lat' dir='ltr'><em>habebat,-</em></span> 
     </span>
    </p>
   </div>
   <div class='ocr_carea' id='block_1_3' title="bbox 120 1190 1423 4054">
    <p class='ocr_par' dir='ltr' id='par_1_3' title="bbox 120 1190 1271 2398">
     <span class='ocr_line' id='line_1_8' title="bbox 219 1190 1205 1267; baseline -0.002 -21"><span class='ocrx_word' id='word_1_54' title='bbox 219 1200 250 1246; x_wconf 96' lang='lat' dir='ltr'><em>ut</em></span> <span class='ocrx_word' id='word_1_55' title='bbox 277 1202 372 1245; x_wconf 90' lang='lat' dir='ltr'><em>autem</em></span> <span class='ocrx_word' id='word_1_56' title='bbox 399 1192 537 1265; x_wconf 87' lang='lat' dir='ltr'><em>sormam</em></span> <span class='ocrx_word' id='word_1_57' title='bbox 571 1190 651 1247; x_wconf 85' lang='lat' dir='ltr'><em>serui</em></span> <span class='ocrx_word' id='word_1_58' title='bbox 682 1190 837 1267; x_wconf 86' lang='lat' dir='ltr'><em>acciperet,</em></span> <span class='ocrx_word' id='word_1_59' title='bbox 870 1192 986 1266; x_wconf 79' lang='lat' dir='ltr'><em>quando</em></span> <span class='ocrx_word' id='word_1_60' title='bbox 1018 1191 1205 1267; x_wconf 88' lang='lat' dir='ltr'><em>semetipsum</em></span> 
     </span>
     <span class='ocr_line' id='line_1_9' title="bbox 219 1277 1206 1355; baseline 0.001 -23"><span class='ocrx_word' id='word_1_61' title='bbox 219 1277 389 1348; x_wconf 87' lang='lat' dir='ltr'><em>exinaniuit,</em></span> <span class='ocrx_word' id='word_1_62' title='bbox 422 1297 477 1333; x_wconf 90' lang='lat' dir='ltr'><em>non</em></span> <span class='ocrx_word' id='word_1_63' title='bbox 511 1279 587 1353; x_wconf 85' lang='lat' dir='ltr'><em>quod</em></span> <span class='ocrx_word' id='word_1_64' title='bbox 622 1279 744 1335; x_wconf 85' lang='lat' dir='ltr'><em>habebat</em></span> <span class='ocrx_word' id='word_1_65' title='bbox 778 1279 918 1353; x_wconf 83' lang='lat' dir='ltr'><em>deposuit.</em></span> <span class='ocrx_word' id='word_1_66' title='bbox 957 1280 1009 1335; x_wconf 88' lang='lat' dir='ltr'><em>sed</em></span> <span class='ocrx_word' id='word_1_67' title='bbox 1041 1279 1118 1355; x_wconf 86' lang='lat' dir='ltr'><em>quod</em></span> <span class='ocrx_word' id='word_1_68' title='bbox 1150 1298 1206 1334; x_wconf 77' lang='lat' dir='ltr'><em>nrm</em></span> 
     </span>
     <span class='ocr_line' id='line_1_10' title="bbox 220 1364 1207 1442; baseline 0.002 -24"><span class='ocrx_word' id='word_1_69' title='bbox 220 1365 341 1420; x_wconf 80' lang='lat' dir='ltr'><em>habebat</em></span> <span class='ocrx_word' id='word_1_70' title='bbox 374 1366 494 1440; x_wconf 90' lang='lat' dir='ltr'><em>accepit.</em></span> <span class='ocrx_word' id='word_1_71' title='bbox 537 1364 762 1442; x_wconf 80' lang='lat' dir='ltr'><em>Crucifigendus</em></span> <span class='ocrx_word' id='word_1_72' title='bbox 794 1385 864 1422; x_wconf 88' lang='lat' dir='ltr'><em>sane</em></span> <span class='ocrx_word' id='word_1_73' title='bbox 890 1366 950 1422; x_wconf 92' lang='lat' dir='ltr'><em>suis</em></span> <span class='ocrx_word' id='word_1_74' title='bbox 975 1366 1141 1442; x_wconf 82' lang='lat' dir='ltr'><em>expoliatus</em></span> <span class='ocrx_word' id='word_1_75' title='bbox 1165 1376 1207 1421; x_wconf 91' lang='lat' dir='ltr'><em>est</em></span> 
     </span>
     <span class='ocr_line' id='line_1_11' title="bbox 120 1451 1206 1527; baseline -0.003 -17"><span class='ocrx_word' id='word_1_76' title='bbox 120 1459 186 1520; x_wconf 77' lang='lat'>433·</span> <span class='ocrx_word' id='word_1_77' title='bbox 222 1451 397 1508; x_wconf 83' lang='lat' dir='ltr'><em>vestimentis</em></span> <span class='ocrx_word' id='word_1_78' title='bbox 420 1463 447 1507; x_wconf 90' lang='lat' dir='ltr'><em>et</em></span> <span class='ocrx_word' id='word_1_79' title='bbox 470 1464 604 1509; x_wconf 91' lang='lat' dir='ltr'><em>mortuus</em></span> <span class='ocrx_word' id='word_1_80' title='bbox 624 1454 628 1527; x_wconf 86' lang='grc' dir='ltr'>Ι</span> <span class='ocrx_word' id='word_1_81' title='bbox 649 1453 795 1509; x_wconf 81' lang='lat' dir='ltr'><em>involutus</em></span> <span class='ocrx_word' id='word_1_82' title='bbox 818 1463 860 1508; x_wconf 91' lang='lat' dir='ltr'><em>est</em></span> <span class='ocrx_word' id='word_1_83' title='bbox 884 1452 993 1519; x_wconf 90' lang='lat' dir='ltr'><em>linteis;</em></span> <span class='ocrx_word' id='word_1_84' title='bbox 1021 1465 1048 1509; x_wconf 89' lang='lat' dir='ltr'><em>et</em></span> <span class='ocrx_word' id='word_1_85' title='bbox 1071 1465 1131 1509; x_wconf 82' lang='lat' dir='ltr'><em>toto</em></span> <span class='ocrx_word' id='word_1_86' title='bbox 1155 1453 1206 1508; x_wconf 90' lang='lat' dir='ltr'><em>illa</em></span> 
     </span>
     <span class='ocr_line' id='line_1_12' title="bbox 220 1538 1206 1617; baseline 0.001 -24"><span class='ocrx_word' id='word_1_87' title='bbox 220 1538 280 1594; x_wconf 90' lang='lat' dir='ltr'><em>eius</em></span> <span class='ocrx_word' id='word_1_88' title='bbox 300 1540 400 1614; x_wconf 79' lang='lat' dir='ltr'><em>passio</em></span> <span class='ocrx_word' id='word_1_89' title='bbox 424 1551 524 1595; x_wconf 86' lang='lat' dir='ltr'><em>nostra</em></span> <span class='ocrx_word' id='word_1_90' title='bbox 544 1541 693 1617; x_wconf 77' lang='lat' dir='ltr'><em>purgacio</em></span> <span class='ocrx_word' id='word_1_91' title='bbox 717 1551 768 1596; x_wconf 89' lang='lat' dir='ltr'><em>est.</em></span> <span class='ocrx_word' id='word_1_92' title='bbox 808 1540 954 1596; x_wconf 82' lang='lat' dir='ltr'><em>Passurus</em></span> <span class='ocrx_word' id='word_1_93' title='bbox 980 1541 1073 1617; x_wconf 79' lang='lat' dir='ltr'><em>igitur</em></span> <span class='ocrx_word' id='word_1_94' title='bbox 1096 1540 1206 1596; x_wconf 85' lang='lat' dir='ltr'><em>excicio</em></span> 
     </span>
     <span class='ocr_line' id='line_1_13' title="bbox 216 1626 1207 1703; baseline 0.003 -23"><span class='ocrx_word' id='word_1_95' title='bbox 216 1626 351 1700; x_wconf 89' lang='lat' dir='ltr'><em>premisit</em></span> <span class='ocrx_word' id='word_1_96' title='bbox 371 1626 505 1700; x_wconf 88' lang='lat' dir='ltr'><em>obsequia</em></span> <span class='ocrx_word' id='word_1_97' title='bbox 522 1645 577 1682; x_wconf 89' lang='lat' dir='ltr'><em>non</em></span> <span class='ocrx_word' id='word_1_98' title='bbox 601 1629 695 1684; x_wconf 92' lang='lat' dir='ltr'><em>solum</em></span> <span class='ocrx_word' id='word_1_99' title='bbox 714 1628 754 1683; x_wconf 92' lang='lat' dir='ltr'><em>eis</em></span> <span class='ocrx_word' id='word_1_100' title='bbox 773 1645 832 1703; x_wconf 91' lang='lat' dir='ltr'><em>pro</em></span> <span class='ocrx_word' id='word_1_101' title='bbox 849 1628 948 1701; x_wconf 83' lang='lat' dir='ltr'><em>quibus</em></span> <span class='ocrx_word' id='word_1_102' title='bbox 972 1639 1036 1683; x_wconf 91' lang='lat' dir='ltr'><em>erat</em></span> <span class='ocrx_word' id='word_1_103' title='bbox 1059 1627 1207 1684; x_wconf 86' lang='lat' dir='ltr'><em>subiturus</em></span> 
     </span>
     <span class='ocr_line' id='line_1_14' title="bbox 221 1714 1271 1790; baseline 0 -22"><span class='ocrx_word' id='word_1_104' title='bbox 221 1724 353 1781; x_wconf 85' lang='lat' dir='ltr'><em>mortem,</em></span> <span class='ocrx_word' id='word_1_105' title='bbox 376 1714 534 1769; x_wconf 85' lang='lat' dir='ltr'><em>sedeciam</em></span> <span class='ocrx_word' id='word_1_106' title='bbox 559 1714 603 1769; x_wconf 91' lang='lat' dir='ltr'><em>illi</em></span> <span class='ocrx_word' id='word_1_107' title='bbox 623 1715 674 1790; x_wconf 78' lang='lat' dir='ltr'><em>qui</em></span> <span class='ocrx_word' id='word_1_108' title='bbox 695 1714 752 1770; x_wconf 90' lang='lat' dir='ltr'><em>iam</em></span> <span class='ocrx_word' id='word_1_109' title='bbox 769 1717 876 1788; x_wconf 89' lang='lat' dir='ltr'><em>suerat</em></span> <span class='ocrx_word' id='word_1_110' title='bbox 899 1715 1064 1771; x_wconf 83' lang='lat' dir='ltr'><em>traditurus</em></span> <span class='ocrx_word' id='word_1_111' title='bbox 1080 1733 1144 1770; x_wconf 88' lang='lat' dir='ltr'><em>eum</em></span> <span class='ocrx_word' id='word_1_112' title='bbox 1168 1715 1208 1770; x_wconf 91' lang='lat' dir='ltr'><em>ad</em></span> <span class='ocrx_word' id='word_1_113' title='bbox 1265 1755 1271 1768; x_wconf 94' lang='lat'><strong>.</strong></span> 
     </span>
     <span class='ocr_line' id='line_1_15' title="bbox 222 1801 1207 1877; baseline 0.002 -22"><span class='ocrx_word' id='word_1_114' title='bbox 222 1811 357 1857; x_wconf 91' lang='lat' dir='ltr'><em>mortem.</em></span> <span class='ocrx_word' id='word_1_115' title='bbox 387 1801 479 1856; x_wconf 84' lang='lat' dir='ltr'><em>Tanta</em></span> <span class='ocrx_word' id='word_1_116' title='bbox 496 1811 539 1857; x_wconf 88' lang='lat' dir='ltr'><em>est</em></span> <span class='ocrx_word' id='word_1_117' title='bbox 561 1802 667 1877; x_wconf 85' lang='lat' dir='ltr'><em>quippe</em></span> <span class='ocrx_word' id='word_1_118' title='bbox 689 1803 814 1858; x_wconf 86' lang='lat' dir='ltr'><em>humane</em></span> <span class='ocrx_word' id='word_1_119' title='bbox 837 1802 1009 1859; x_wconf 87' lang='lat' dir='ltr'><em>humilitatis</em></span> <span class='ocrx_word' id='word_1_120' title='bbox 1033 1802 1152 1872; x_wconf 84' lang='lat' dir='ltr'><em>utilitas,</em></span> <span class='ocrx_word' id='word_1_121' title='bbox 1177 1813 1207 1857; x_wconf 94' lang='lat' dir='ltr'><em>ut</em></span> 
     </span>
     <span class='ocr_line' id='line_1_16' title="bbox 181 1889 1206 1964; baseline 0.003 -22"><span class='ocrx_word' id='word_1_122' title='bbox 181 1892 282 1943; x_wconf 82' lang='lat' dir='ltr'><em>r5eam</em></span> <span class='ocrx_word' id='word_1_123' title='bbox 315 1905 367 1943; x_wconf 90' lang='lat' dir='ltr'><em>suo</em></span> <span class='ocrx_word' id='word_1_124' title='bbox 391 1889 609 1944; x_wconf 82' lang='lat' dir='ltr'><em>commendaret</em></span> <span class='ocrx_word' id='word_1_125' title='bbox 631 1890 764 1964; x_wconf 84' lang='lat' dir='ltr'><em>exemplo</em></span> <span class='ocrx_word' id='word_1_126' title='bbox 788 1889 878 1944; x_wconf 90' lang='lat' dir='ltr'><em>eciam</em></span> <span class='ocrx_word' id='word_1_127' title='bbox 912 1890 1009 1945; x_wconf 84' lang='lat' dir='ltr'><em>divina</em></span> <span class='ocrx_word' id='word_1_128' title='bbox 1033 1890 1206 1958; x_wconf 78' lang='lat' dir='ltr'><em>sublimitas,</em></span> 
     </span>
     <span class='ocr_line' id='line_1_17' title="bbox 221 1974 1206 2051; baseline 0.004 -23"><span class='ocrx_word' id='word_1_129' title='bbox 221 1974 286 2049; x_wconf 85' lang='lat' dir='ltr'><em>quio</em></span> <span class='ocrx_word' id='word_1_130' title='bbox 320 1975 405 2031; x_wconf 87' lang='lat' dir='ltr'><em>horno</em></span> <span class='ocrx_word' id='word_1_131' title='bbox 437 1976 580 2050; x_wconf 87' lang='lat' dir='ltr'><em>superbus</em></span> <span class='ocrx_word' id='word_1_132' title='bbox 603 1976 630 2031; x_wconf 92' lang='lat' dir='ltr'><em>in</em></span> <span class='ocrx_word' id='word_1_133' title='bbox 655 1988 786 2032; x_wconf 88' lang='lat' dir='ltr'><em>eternum</em></span> <span class='ocrx_word' id='word_1_134' title='bbox 816 1976 930 2051; x_wconf 88' lang='lat' dir='ltr'><em>periret</em></span> <span class='ocrx_word' id='word_1_135' title='bbox 958 1977 1014 2033; x_wconf 92' lang='lat' dir='ltr'><em>nisi</em></span> <span class='ocrx_word' id='word_1_136' title='bbox 1036 1995 1100 2032; x_wconf 75' lang='lat' dir='ltr'><em>euin</em></span> <span class='ocrx_word' id='word_1_137' title='bbox 1125 1977 1206 2036; x_wconf 87' lang='lat' dir='ltr'><em>Dens</em></span> 
     </span>
     <span class='ocr_line' id='line_1_18' title="bbox 221 2061 1205 2139; baseline 0.001 -23"><span class='ocrx_word' id='word_1_138' title='bbox 221 2061 338 2118; x_wconf 88' lang='lat' dir='ltr'><em>humilis</em></span> <span class='ocrx_word' id='word_1_139' title='bbox 361 2062 511 2122; x_wconf 84' lang='lat' dir='ltr'><em>inueniret.</em></span> <span class='ocrx_word' id='word_1_140' title='bbox 550 2063 628 2118; x_wconf 86' lang='lat' dir='ltr'><em>Venit</em></span> <span class='ocrx_word' id='word_1_141' title='bbox 662 2063 736 2119; x_wconf 90' lang='lat' dir='ltr'><em>enim</em></span> <span class='ocrx_word' id='word_1_142' title='bbox 760 2063 846 2139; x_wconf 80' lang='lat' dir='ltr'><em>filius</em></span> <span class='ocrx_word' id='word_1_143' title='bbox 878 2081 1001 2136; x_wconf 82' lang='lat' dir='ltr'><em>querere</em></span> <span class='ocrx_word' id='word_1_144' title='bbox 1033 2073 1060 2118; x_wconf 94' lang='lat' dir='ltr'><em>et</em></span> <span class='ocrx_word' id='word_1_145' title='bbox 1090 2064 1205 2120; x_wconf 79' lang='lat' dir='ltr'><em>solmon</em></span> 
     </span>
     <span class='ocr_line' id='line_1_19' title="bbox 221 2149 1206 2227; baseline 0.004 -25"><span class='ocrx_word' id='word_1_146' title='bbox 221 2149 328 2223; x_wconf 79' lang='lat' dir='ltr'><em>facere</em></span> <span class='ocrx_word' id='word_1_147' title='bbox 352 2150 429 2224; x_wconf 86' lang='lat' dir='ltr'><em>quod</em></span> <span class='ocrx_word' id='word_1_148' title='bbox 453 2150 594 2225; x_wconf 92' lang='lat' dir='ltr'><em>perierat.</em></span> <span class='ocrx_word' id='word_1_149' title='bbox 628 2151 759 2206; x_wconf 88' lang='lat' dir='ltr'><em>Perierat</em></span> <span class='ocrx_word' id='word_1_150' title='bbox 794 2160 889 2206; x_wconf 81' lang='lat' dir='ltr'><em>autent</em></span> <span class='ocrx_word' id='word_1_151' title='bbox 913 2151 1081 2227; x_wconf 76' lang='lat' dir='ltr'><em>superbiam</em></span> <span class='ocrx_word' id='word_1_152' title='bbox 1105 2151 1206 2206; x_wconf 87' lang='lat' dir='ltr'><em>seduc-</em></span> 
     </span>
     <span class='ocr_line' id='line_1_20' title="bbox 221 2236 1205 2315; baseline 0.002 -26"><span class='ocrx_word' id='word_1_153' title='bbox 221 2236 294 2290; x_wconf 92' lang='lat' dir='ltr'><em>toris</em></span> <span class='ocrx_word' id='word_1_154' title='bbox 317 2248 442 2306; x_wconf 87' lang='lat' dir='ltr'><em>secutus,</em></span> <span class='ocrx_word' id='word_1_155' title='bbox 466 2255 542 2315; x_wconf 76' lang='lat' dir='ltr'><em>ergo</em></span> <span class='ocrx_word' id='word_1_156' title='bbox 565 2237 757 2293; x_wconf 79' lang='lat' dir='ltr'><em>humilitatem</em></span> <span class='ocrx_word' id='word_1_157' title='bbox 783 2238 979 2312; x_wconf 88' lang='lat' dir='ltr'><em>redemptoris</em></span> <span class='ocrx_word' id='word_1_158' title='bbox 1001 2248 1141 2313; x_wconf 88' lang='lat' dir='ltr'><em>sequatur</em></span> <span class='ocrx_word' id='word_1_159' title='bbox 1164 2237 1205 2292; x_wconf 92' lang='lat' dir='ltr'><em>in·</em></span> 
     </span>
     <span class='ocr_line' id='line_1_21' title="bbox 178 2323 639 2398; baseline 0.011 -20"><span class='ocrx_word' id='word_1_160' title='bbox 178 2333 331 2381; x_wconf 71' lang='lat' dir='ltr'><em>inuentus.</em></span> <span class='ocrx_word' id='word_1_161' title='bbox 358 2325 420 2381; x_wconf 89' lang='lat' dir='ltr'><em>Hec</em></span> <span class='ocrx_word' id='word_1_162' title='bbox 445 2323 639 2398; x_wconf 86' lang='lat' dir='ltr'><em>Augustinus.</em></span> 
     </span>
    </p>

    <p class='ocr_par' dir='ltr' id='par_1_4' title="bbox 219 2409 1208 2747">
     <span class='ocr_line' id='line_1_22' title="bbox 263 2409 1207 2482; baseline 0.002 -17"><span class='ocrx_word' id='word_1_163' title='bbox 263 2409 388 2467; x_wconf 90' lang='lat' dir='ltr'><em>Videtur</em></span> <span class='ocrx_word' id='word_1_164' title='bbox 412 2411 502 2467; x_wconf 90' lang='lat' dir='ltr'><em>istum</em></span> <span class='ocrx_word' id='word_1_165' title='bbox 520 2424 658 2467; x_wconf 90' lang='lat' dir='ltr'><em>sanctum</em></span> <span class='ocrx_word' id='word_1_166' title='bbox 685 2429 717 2467; x_wconf 84' lang='lat' dir='ltr'><em>ex</em></span> <span class='ocrx_word' id='word_1_167' title='bbox 740 2409 799 2467; x_wconf 91' lang='lat' dir='ltr'><em>isto</em></span> <span class='ocrx_word' id='word_1_168' title='bbox 823 2423 902 2467; x_wconf 83' lang='lat' dir='ltr'><em>textu</em></span> <span class='ocrx_word' id='word_1_169' title='bbox 927 2411 1035 2468; x_wconf 85' lang='lat' dir='ltr'><em>elicere</em></span> <span class='ocrx_word' id='word_1_170' title='bbox 1058 2411 1115 2468; x_wconf 91' lang='lat' dir='ltr'><em>ista</em></span> <span class='ocrx_word' id='word_1_171' title='bbox 1139 2409 1207 2482; x_wconf 84' lang='lat' dir='ltr'><em>tria,</em></span> 
     </span>
     <span class='ocr_line' id='line_1_23' title="bbox 220 2496 1205 2572; baseline 0.002 -20"><span class='ocrx_word' id='word_1_172' title='bbox 220 2496 320 2570; x_wconf 89' lang='lat' dir='ltr'><em>primo</em></span> <span class='ocrx_word' id='word_1_173' title='bbox 353 2499 436 2572; x_wconf 93' lang='lat' dir='ltr'><em>quod</em></span> <span class='ocrx_word' id='word_1_174' title='bbox 461 2497 599 2555; x_wconf 90' lang='lat' dir='ltr'><em>Christus</em></span> <span class='ocrx_word' id='word_1_175' title='bbox 631 2498 709 2555; x_wconf 90' lang='lat' dir='ltr'><em>sicut</em></span> <span class='ocrx_word' id='word_1_176' title='bbox 744 2497 872 2554; x_wconf 84' lang='lat' dir='ltr'><em>surrexit</em></span> <span class='ocrx_word' id='word_1_177' title='bbox 901 2518 1014 2556; x_wconf 82' lang='lat' dir='ltr'><em>neena</em></span> <span class='ocrx_word' id='word_1_178' title='bbox 1045 2499 1205 2555; x_wconf 88' lang='lat' dir='ltr'><em>etiterum</em></span> 
     </span>
     <span class='ocr_line' id='line_1_24' title="bbox 221 2583 1205 2662; baseline 0.002 -23"><span class='ocrx_word' id='word_1_179' title='bbox 221 2583 368 2660; x_wconf 82' lang='lat' dir='ltr'><em>recubuit,</em></span> <span class='ocrx_word' id='word_1_180' title='bbox 390 2584 431 2642; x_wconf 91' lang='lat' dir='ltr'><em>sic</em></span> <span class='ocrx_word' id='word_1_181' title='bbox 452 2600 485 2641; x_wconf 93' lang='lat' dir='ltr'><em>ut</em></span> <span class='ocrx_word' id='word_1_182' title='bbox 501 2586 690 2642; x_wconf 89' lang='lat' dir='ltr'><em>locucionem</em></span> <span class='ocrx_word' id='word_1_183' title='bbox 710 2600 896 2662; x_wconf 78' lang='lat' dir='ltr'><em>prepararet,</em></span> <span class='ocrx_word' id='word_1_184' title='bbox 914 2585 982 2643; x_wconf 87' lang='lat' dir='ltr'><em>fecit</em></span> <span class='ocrx_word' id='word_1_185' title='bbox 1000 2605 1052 2659; x_wconf 90' lang='lat' dir='ltr'><em>per</em></span> <span class='ocrx_word' id='word_1_186' title='bbox 1069 2585 1205 2650; x_wconf 88' lang='lat' dir='ltr'><em>ordinem</em></span> 
     </span>
     <span class='ocr_line' id='line_1_25' title="bbox 219 2670 1208 2747; baseline 0.002 -20"><span class='ocrx_word' id='word_1_187' title='bbox 219 2670 277 2728; x_wconf 88' lang='lat' dir='ltr'><em>ista</em></span> <span class='ocrx_word' id='word_1_188' title='bbox 300 2671 367 2738; x_wconf 84' lang='lat' dir='ltr'><em>tria,</em></span> <span class='ocrx_word' id='word_1_189' title='bbox 406 2671 506 2746; x_wconf 89' lang='lat' dir='ltr'><em>primo</em></span> <span class='ocrx_word' id='word_1_190' title='bbox 537 2672 651 2730; x_wconf 85' lang='lat' dir='ltr'><em>lintheo</em></span> <span class='ocrx_word' id='word_1_191' title='bbox 684 2692 715 2730; x_wconf 89' lang='lat' dir='ltr'><em>se</em></span> <span class='ocrx_word' id='word_1_192' title='bbox 748 2671 902 2745; x_wconf 83' lang='lat' dir='ltr'><em>succinxit,</em></span> <span class='ocrx_word' id='word_1_193' title='bbox 941 2675 1073 2730; x_wconf 88' lang='lat' dir='ltr'><em>secundo</em></span> <span class='ocrx_word' id='word_1_194' title='bbox 1106 2672 1208 2747; x_wconf 88' lang='lat' dir='ltr'><em>posuit</em></span> 
     </span>
    </p>

    <p class='ocr_par' dir='ltr' id='par_1_5' title="bbox 178 2759 1206 2922">
     <span class='ocr_line' id='line_1_26' title="bbox 178 2759 1206 2835; baseline 0.002 -21"><span class='ocrx_word' id='word_1_195' title='bbox 178 2765 331 2833; x_wconf 82' lang='lat' dir='ltr'><em>25aquam</em></span> <span class='ocrx_word' id='word_1_196' title='bbox 366 2759 396 2814; x_wconf 91' lang='lat' dir='ltr'><em>in</em></span> <span class='ocrx_word' id='word_1_197' title='bbox 430 2762 545 2834; x_wconf 86' lang='lat' dir='ltr'><em>pelvem</em></span> <span class='ocrx_word' id='word_1_198' title='bbox 582 2775 610 2816; x_wconf 90' lang='lat' dir='ltr'><em>et</em></span> <span class='ocrx_word' id='word_1_199' title='bbox 644 2760 738 2816; x_wconf 89' lang='lat' dir='ltr'><em>tercio</em></span> <span class='ocrx_word' id='word_1_200' title='bbox 772 2760 913 2817; x_wconf 88' lang='lat' dir='ltr'><em>omnibus</em></span> <span class='ocrx_word' id='word_1_201' title='bbox 950 2760 1012 2816; x_wconf 91' lang='lat' dir='ltr'><em>suis</em></span> <span class='ocrx_word' id='word_1_202' title='bbox 1050 2759 1206 2835; x_wconf 88' lang='lat' dir='ltr'><em>discipulis</em></span> 
     </span>
     <span class='ocr_line' id='line_1_27' title="bbox 220 2845 990 2922; baseline 0.005 -20"><span class='ocrx_word' id='word_1_203' title='bbox 220 2847 310 2920; x_wconf 89' lang='lat' dir='ltr'><em>pedes</em></span> <span class='ocrx_word' id='word_1_204' title='bbox 334 2845 419 2916; x_wconf 82' lang='lat' dir='ltr'><em>larit;</em></span> <span class='ocrx_word' id='word_1_205' title='bbox 445 2860 473 2903; x_wconf 88' lang='lat' dir='ltr'><em>et</em></span> <span class='ocrx_word' id='word_1_206' title='bbox 497 2847 538 2904; x_wconf 90' lang='lat' dir='ltr'><em>sic</em></span> <span class='ocrx_word' id='word_1_207' title='bbox 563 2850 654 2922; x_wconf 88' lang='lat' dir='ltr'><em>pedes</em></span> <span class='ocrx_word' id='word_1_208' title='bbox 678 2848 791 2905; x_wconf 84' lang='lat' dir='ltr'><em>laverat</em></span> <span class='ocrx_word' id='word_1_209' title='bbox 815 2846 990 2906; x_wconf 87' lang='lat' dir='ltr'><em>Scariothis.</em></span> 
     </span>
    </p>

    <p class='ocr_par' dir='ltr' id='par_1_6' title="bbox 220 2933 1420 3102">
     <span class='ocr_line' id='line_1_28' title="bbox 263 2933 1369 3009; baseline 0.001 -20"><span class='ocrx_word' id='word_1_210' title='bbox 263 2935 404 2991; x_wconf 88' lang='lat' dir='ltr'><em>Secundo</em></span> <span class='ocrx_word' id='word_1_211' title='bbox 428 2933 546 2991; x_wconf 90' lang='lat' dir='ltr'><em>videtur</em></span> <span class='ocrx_word' id='word_1_212' title='bbox 563 2935 750 3009; x_wconf 77' lang='lat' dir='ltr'><em>Augustinus</em></span> <span class='ocrx_word' id='word_1_213' title='bbox 775 2933 874 2991; x_wconf 88' lang='lat' dir='ltr'><em>dicere</em></span> <span class='ocrx_word' id='word_1_214' title='bbox 899 2936 981 3008; x_wconf 86' lang='lat' dir='ltr'><em>quod</em></span> <span class='ocrx_word' id='word_1_215' title='bbox 1004 2952 1127 2991; x_wconf 88' lang='lat' dir='ltr'><em>necesse</em></span> <span class='ocrx_word' id='word_1_216' title='bbox 1151 2933 1205 2990; x_wconf 86' lang='lat' dir='ltr'><em>fuit</em></span> <span class='ocrx_word' id='word_1_217' title='bbox 1269 2953 1369 2998; x_wconf 77' lang='lat' dir='ltr'><em>cnrtsrs</em></span> 
     </span>
     <span class='ocr_line' id='line_1_29' title="bbox 220 3006 1420 3102; baseline 0.002 -27"><span class='ocrx_word' id='word_1_218' title='bbox 220 3020 480 3079; x_wconf 84' lang='lat' dir='ltr'><em>Dominumhanc</em></span> <span class='ocrx_word' id='word_1_219' title='bbox 498 3022 627 3078; x_wconf 84' lang='lat' dir='ltr'><em>formam</em></span> <span class='ocrx_word' id='word_1_220' title='bbox 648 3020 827 3077; x_wconf 87' lang='lat' dir='ltr'><em>humilitatis</em></span> <span class='ocrx_word' id='word_1_221' title='bbox 844 3021 905 3077; x_wconf 90' lang='lat' dir='ltr'><em>suis</em></span> <span class='ocrx_word' id='word_1_222' title='bbox 928 3021 1086 3096; x_wconf 88' lang='lat' dir='ltr'><em>discipulis</em></span> <span class='ocrx_word' id='word_1_223' title='bbox 1110 3039 1205 3078; x_wconf 89' lang='lat' dir='ltr'><em>exem·</em></span> <span class='ocrx_word' id='word_1_224' title='bbox 1220 3006 1420 3102; x_wconf 45' lang='grc' dir='ltr'><em>ῑέξῐξῐξᾞὸζζῆε</em></span> 
     </span>
    </p>

    <p class='ocr_par' dir='ltr' id='par_1_7' title="bbox 220 3072 1423 3182">
     <span class='ocr_line' id='line_1_30' title="bbox 220 3072 1423 3182; baseline 0.002 -19"><span class='ocrx_word' id='word_1_225' title='bbox 220 3108 312 3182; x_wconf 85' lang='lat' dir='ltr'><em>plare,</em></span> <span class='ocrx_word' id='word_1_226' title='bbox 338 3127 406 3164; x_wconf 89' lang='lat' dir='ltr'><em>cum</em></span> <span class='ocrx_word' id='word_1_227' title='bbox 423 3127 543 3166; x_wconf 90' lang='lat' dir='ltr'><em>necesse</em></span> <span class='ocrx_word' id='word_1_228' title='bbox 560 3108 615 3165; x_wconf 89' lang='lat' dir='ltr'><em>fuit</em></span> <span class='ocrx_word' id='word_1_229' title='bbox 632 3108 785 3165; x_wconf 86' lang='lat' dir='ltr'><em>Christum</em></span> <span class='ocrx_word' id='word_1_230' title='bbox 810 3109 920 3166; x_wconf 88' lang='lat' dir='ltr'><em>docere</em></span> <span class='ocrx_word' id='word_1_231' title='bbox 936 3128 1021 3166; x_wconf 81' lang='lat' dir='ltr'><em>suam</em></span> <span class='ocrx_word' id='word_1_232' title='bbox 1047 3109 1205 3165; x_wconf 83' lang='lat' dir='ltr'><em>ecclesiam</em></span> <span class='ocrx_word' id='word_1_233' title='bbox 1216 3120 1239 3154; x_wconf 80' lang='lat'><em>10</em></span> <span class='ocrx_word' id='word_1_234' title='bbox 1255 3112 1291 3154; x_wconf 80' lang='lat' dir='ltr'><em>his</em></span> <span class='ocrx_word' id='word_1_235' title='bbox 1305 3072 1423 3166; x_wconf 72' lang='lat' dir='ltr'><em>disciples.</em></span> 
     </span>
    </p>

    <p class='ocr_par' dir='ltr' id='par_1_8' title="bbox 178 3194 1206 3620">
     <span class='ocr_line' id='line_1_31' title="bbox 178 3194 1203 3271; baseline -0.003 -17"><span class='ocrx_word' id='word_1_236' title='bbox 178 3204 210 3254; x_wconf 87' lang='lat'><em>30</em></span> <span class='ocrx_word' id='word_1_237' title='bbox 221 3195 372 3252; x_wconf 86' lang='lat' dir='ltr'><em>contrarie</em></span> <span class='ocrx_word' id='word_1_238' title='bbox 395 3194 438 3251; x_wconf 91' lang='lat' dir='ltr'><em>illi</em></span> <span class='ocrx_word' id='word_1_239' title='bbox 456 3195 593 3253; x_wconf 89' lang='lat' dir='ltr'><em>doctrine</em></span> <span class='ocrx_word' id='word_1_240' title='bbox 617 3215 709 3270; x_wconf 89' lang='lat' dir='ltr'><em>quam</em></span> <span class='ocrx_word' id='word_1_241' title='bbox 734 3213 827 3271; x_wconf 85' lang='lat' dir='ltr'><em>genus</em></span> <span class='ocrx_word' id='word_1_242' title='bbox 852 3197 1019 3254; x_wconf 86' lang='lat' dir='ltr'><em>humanum</em></span> <span class='ocrx_word' id='word_1_243' title='bbox 1045 3208 1203 3270; x_wconf 85' lang='lat' dir='ltr'><em>acceperat</em></span> 
     </span>
     <span class='ocr_line' id='line_1_32' title="bbox 220 3281 1206 3357; baseline 0.001 -19"><span class='ocrx_word' id='word_1_244' title='bbox 220 3281 251 3338; x_wconf 92' lang='lat' dir='ltr'><em>in</em></span> <span class='ocrx_word' id='word_1_245' title='bbox 275 3283 443 3357; x_wconf 81' lang='lat' dir='ltr'><em>peccando3</em></span> <span class='ocrx_word' id='word_1_246' title='bbox 468 3282 573 3340; x_wconf 89' lang='lat' dir='ltr'><em>didicit</em></span> <span class='ocrx_word' id='word_1_247' title='bbox 590 3283 670 3340; x_wconf 90' lang='lat' dir='ltr'><em>enim</em></span> <span class='ocrx_word' id='word_1_248' title='bbox 695 3302 728 3340; x_wconf 82' lang='lat' dir='ltr'><em>ex</em></span> <span class='ocrx_word' id='word_1_249' title='bbox 752 3283 890 3341; x_wconf 87' lang='lat' dir='ltr'><em>doctrina</em></span> <span class='ocrx_word' id='word_1_250' title='bbox 915 3283 1028 3341; x_wconf 86' lang='lat' dir='ltr'><em>diaboli</em></span> <span class='ocrx_word' id='word_1_251' title='bbox 1052 3286 1206 3357; x_wconf 90' lang='lat' dir='ltr'><em>quomodo</em></span> 
     </span>
     <span class='ocr_line' id='line_1_33' title="bbox 220 3368 1204 3446; baseline 0 -21"><span class='ocrx_word' id='word_1_252' title='bbox 220 3368 394 3443; x_wconf 88' lang='lat' dir='ltr'><em>superbiam</em></span> <span class='ocrx_word' id='word_1_253' title='bbox 419 3370 510 3444; x_wconf 89' lang='lat' dir='ltr'><em>primi</em></span> <span class='ocrx_word' id='word_1_254' title='bbox 534 3383 672 3445; x_wconf 84' lang='lat' dir='ltr'><em>apostate</em></span> <span class='ocrx_word' id='word_1_255' title='bbox 695 3384 887 3446; x_wconf 87' lang='lat' dir='ltr'><em>sequeretur;</em></span> <span class='ocrx_word' id='word_1_256' title='bbox 912 3371 981 3427; x_wconf 87' lang='lat' dir='ltr'><em>ideo</em></span> <span class='ocrx_word' id='word_1_257' title='bbox 1005 3389 1126 3427; x_wconf 89' lang='lat' dir='ltr'><em>necesse</em></span> <span class='ocrx_word' id='word_1_258' title='bbox 1150 3370 1204 3426; x_wconf 86' lang='lat' dir='ltr'><em>fuit</em></span> 
     </span>
     <span class='ocr_line' id='line_1_34' title="bbox 221 3456 1205 3532; baseline 0 -20"><span class='ocrx_word' id='word_1_259' title='bbox 221 3459 301 3530; x_wconf 90' lang='lat' dir='ltr'><em>quod</em></span> <span class='ocrx_word' id='word_1_260' title='bbox 326 3456 528 3514; x_wconf 87' lang='lat' dir='ltr'><em>humilitatem</em></span> <span class='ocrx_word' id='word_1_261' title='bbox 547 3457 711 3515; x_wconf 84' lang='lat' dir='ltr'><em>Salvatoris</em></span> <span class='ocrx_word' id='word_1_262' title='bbox 737 3458 825 3532; x_wconf 91' lang='lat' dir='ltr'><em>primi</em></span> <span class='ocrx_word' id='word_1_263' title='bbox 850 3457 999 3515; x_wconf 85' lang='lat' dir='ltr'><em>contrarie</em></span> <span class='ocrx_word' id='word_1_264' title='bbox 1016 3471 1205 3532; x_wconf 82' lang='lat' dir='ltr'><em>sequeretur3</em></span> 
     </span>
     <span class='ocr_line' id='line_1_35' title="bbox 221 3543 1206 3620; baseline 0.001 -22"><span class='ocrx_word' id='word_1_265' title='bbox 221 3545 299 3599; x_wconf 92' lang='lat' dir='ltr'><em>unde</em></span> <span class='ocrx_word' id='word_1_266' title='bbox 324 3543 400 3600; x_wconf 89' lang='lat' dir='ltr'><em>sicut</em></span> <span class='ocrx_word' id='word_1_267' title='bbox 429 3544 522 3600; x_wconf 87' lang='lat' dir='ltr'><em>nichil</em></span> <span class='ocrx_word' id='word_1_268' title='bbox 552 3545 682 3601; x_wconf 87' lang='lat' dir='ltr'><em>bominis</em></span> <span class='ocrx_word' id='word_1_269' title='bbox 711 3561 754 3602; x_wconf 87' lang='lat' dir='ltr'><em>est</em></span> <span class='ocrx_word' id='word_1_270' title='bbox 780 3545 895 3602; x_wconf 89' lang='lat' dir='ltr'><em>bassius</em></span> <span class='ocrx_word' id='word_1_271' title='bbox 923 3545 1050 3620; x_wconf 91' lang='lat' dir='ltr'><em>pedibus</em></span> <span class='ocrx_word' id='word_1_272' title='bbox 1073 3562 1129 3601; x_wconf 90' lang='lat' dir='ltr'><em>nec</em></span> <span class='ocrx_word' id='word_1_273' title='bbox 1153 3544 1206 3600; x_wconf 84' lang='lat' dir='ltr'><em>nli·</em></span> 
     </span>
    </p>

    <p class='ocr_par' dir='ltr' id='par_1_9' title="bbox 178 3629 1207 4054">
     <span class='ocr_line' id='line_1_36' title="bbox 178 3629 1207 3706; baseline 0 -21"><span class='ocrx_word' id='word_1_274' title='bbox 178 3629 293 3704; x_wconf 82' lang='lat' dir='ltr'><em>35quid</em></span> <span class='ocrx_word' id='word_1_275' title='bbox 317 3630 476 3687; x_wconf 89' lang='lat' dir='ltr'><em>sublimius</em></span> <span class='ocrx_word' id='word_1_276' title='bbox 509 3631 617 3706; x_wconf 82' lang='lat' dir='ltr'><em>capite.</em></span> <span class='ocrx_word' id='word_1_277' title='bbox 657 3632 699 3689; x_wconf 92' lang='lat' dir='ltr'><em>sic</em></span> <span class='ocrx_word' id='word_1_278' title='bbox 724 3634 808 3690; x_wconf 88' lang='lat' dir='ltr'><em>nulla</em></span> <span class='ocrx_word' id='word_1_279' title='bbox 831 3632 925 3690; x_wconf 90' lang='lat' dir='ltr'><em>virtus</em></span> <span class='ocrx_word' id='word_1_280' title='bbox 956 3631 1086 3688; x_wconf 89' lang='lat' dir='ltr'><em>bominis</em></span> <span class='ocrx_word' id='word_1_281' title='bbox 1111 3629 1207 3704; x_wconf 81' lang='lat' dir='ltr'><em>magis</em></span> 
     </span>
     <span class='ocr_line' id='line_1_37' title="bbox 221 3716 1205 3794; baseline 0.003 -22"><span class='ocrx_word' id='word_1_282' title='bbox 221 3716 346 3774; x_wconf 86' lang='lat' dir='ltr'><em>inclinat</em></span> <span class='ocrx_word' id='word_1_283' title='bbox 371 3720 408 3774; x_wconf 85' lang='lat' dir='ltr'><em>ad</em></span> <span class='ocrx_word' id='word_1_284' title='bbox 432 3732 545 3775; x_wconf 86' lang='lat' dir='ltr'><em>statum</em></span> <span class='ocrx_word' id='word_1_285' title='bbox 570 3719 705 3775; x_wconf 91' lang='lat' dir='ltr'><em>debitum</em></span> <span class='ocrx_word' id='word_1_286' title='bbox 736 3739 826 3794; x_wconf 84' lang='lat' dir='ltr'><em>quam</em></span> <span class='ocrx_word' id='word_1_287' title='bbox 852 3719 923 3776; x_wconf 86' lang='lat' dir='ltr'><em>facit</em></span> <span class='ocrx_word' id='word_1_288' title='bbox 948 3718 1113 3790; x_wconf 76' lang='lat' dir='ltr'><em>humilitaS,</em></span> <span class='ocrx_word' id='word_1_289' title='bbox 1150 3736 1205 3775; x_wconf 86' lang='lat' dir='ltr'><em>nec</em></span> 
     </span>
     <span class='ocr_line' id='line_1_38' title="bbox 220 3803 1204 3880; baseline 0.002 -20"><span class='ocrx_word' id='word_1_290' title='bbox 220 3803 344 3879; x_wconf 81' lang='lat' dir='ltr'><em>aliquod</em></span> <span class='ocrx_word' id='word_1_291' title='bbox 368 3805 478 3862; x_wconf 88' lang='lat' dir='ltr'><em>vicium</em></span> <span class='ocrx_word' id='word_1_292' title='bbox 505 3806 599 3879; x_wconf 83' lang='lat' dir='ltr'><em>magis</em></span> <span class='ocrx_word' id='word_1_293' title='bbox 623 3806 719 3863; x_wconf 85' lang='lat' dir='ltr'><em>elevat</em></span> <span class='ocrx_word' id='word_1_294' title='bbox 743 3826 832 3880; x_wconf 85' lang='lat' dir='ltr'><em>quam</em></span> <span class='ocrx_word' id='word_1_295' title='bbox 859 3806 929 3863; x_wconf 87' lang='lat' dir='ltr'><em>facit</em></span> <span class='ocrx_word' id='word_1_296' title='bbox 953 3806 1103 3880; x_wconf 86' lang='lat' dir='ltr'><em>superbia.</em></span> <span class='ocrx_word' id='word_1_297' title='bbox 1128 3809 1204 3862; x_wconf 87' lang='lat' dir='ltr'><em>Nam</em></span> 
     </span>
     <span class='ocr_line' id='line_1_39' title="bbox 221 3891 1205 3967; baseline 0.001 -20"><span class='ocrx_word' id='word_1_298' title='bbox 221 3891 312 3949; x_wconf 94' lang='lat' dir='ltr'><em>homo</em></span> <span class='ocrx_word' id='word_1_299' title='bbox 343 3891 443 3966; x_wconf 91' lang='lat' dir='ltr'><em>primo</em></span> <span class='ocrx_word' id='word_1_300' title='bbox 475 3907 600 3967; x_wconf 88' lang='lat' dir='ltr'><em>peccato</em></span> <span class='ocrx_word' id='word_1_301' title='bbox 623 3911 655 3950; x_wconf 90' lang='lat' dir='ltr'><em>se</em></span> <span class='ocrx_word' id='word_1_302' title='bbox 678 3892 804 3950; x_wconf 89' lang='lat' dir='ltr'><em>subiecit</em></span> <span class='ocrx_word' id='word_1_303' title='bbox 828 3892 949 3951; x_wconf 79' lang='lat' dir='ltr'><em>diabolo</em></span> <span class='ocrx_word' id='word_1_304' title='bbox 974 3907 1001 3949; x_wconf 88' lang='lat' dir='ltr'><em>et</em></span> <span class='ocrx_word' id='word_1_305' title='bbox 1025 3892 1151 3950; x_wconf 87' lang='lat' dir='ltr'><em>elevavit</em></span> <span class='ocrx_word' id='word_1_306' title='bbox 1174 3911 1205 3950; x_wconf 87' lang='lat' dir='ltr'><em>se</em></span> 
     </span>
     <span class='ocr_line' id='line_1_40' title="bbox 220 3979 1205 4054; baseline 0 -19"><span class='ocrx_word' id='word_1_307' title='bbox 220 3981 449 4053; x_wconf 84' lang='lat' dir='ltr'><em>quodammodo</em></span> <span class='ocrx_word' id='word_1_308' title='bbox 473 3999 567 4054; x_wconf 84' lang='lat' dir='ltr'><em>supra</em></span> <span class='ocrx_word' id='word_1_309' title='bbox 591 3983 698 4050; x_wconf 88' lang='lat' dir='ltr'><em>Deum,</em></span> <span class='ocrx_word' id='word_1_310' title='bbox 738 3999 807 4038; x_wconf 90' lang='lat' dir='ltr'><em>cum</em></span> <span class='ocrx_word' id='word_1_311' title='bbox 832 3981 928 4037; x_wconf 88' lang='lat' dir='ltr'><em>voluit</em></span> <span class='ocrx_word' id='word_1_312' title='bbox 958 3979 1104 4037; x_wconf 83' lang='lat' dir='ltr'><em>voluntati</em></span> <span class='ocrx_word' id='word_1_313' title='bbox 1129 3980 1205 4037; x_wconf 87' lang='lat' dir='ltr'><em>servi</em></span> 
     </span>
    </p>
   </div>
   <div class='ocr_carea' id='block_1_4' title="bbox 220 4258 1207 4358">
    <p class='ocr_par' dir='ltr' id='par_1_10' title="bbox 220 4258 1207 4358">
     <span class='ocr_line' id='line_1_41' title="bbox 273 4258 1207 4316; baseline -0.001 -13"><span class='ocrx_word' id='word_1_314' title='bbox 273 4272 295 4315; x_wconf 89' lang='lat'><em>9.</em></span> <span class='ocrx_word' id='word_1_315' title='bbox 310 4262 346 4303; x_wconf 82' lang='lat' dir='ltr'><em>A:</em></span> <span class='ocrx_word' id='word_1_316' title='bbox 363 4258 544 4316; x_wconf 64' lang='lat' dir='ltr'><em>Corrigendus.</em></span> <span class='ocrx_word' id='word_1_317' title='bbox 621 4273 653 4311; x_wconf 83' lang='lat' dir='ltr'><em>to.</em></span> <span class='ocrx_word' id='word_1_318' title='bbox 668 4263 701 4304; x_wconf 76' lang='lat' dir='ltr'><em>A:</em></span> <span class='ocrx_word' id='word_1_319' title='bbox 716 4262 854 4304; x_wconf 81' lang='lat' dir='ltr'><em>humilitate.</em></span> <span class='ocrx_word' id='word_1_320' title='bbox 926 4272 957 4304; x_wconf 64' lang='grc' dir='ltr'><em>αι,</em></span> <span class='ocrx_word' id='word_1_321' title='bbox 972 4262 1008 4303; x_wconf 78' lang='lat' dir='ltr'><em>A:</em></span> <span class='ocrx_word' id='word_1_322' title='bbox 1023 4261 1046 4303; x_wconf 87' lang='lat' dir='ltr'><em>in</em></span> <span class='ocrx_word' id='word_1_323' title='bbox 1067 4271 1152 4314; x_wconf 54' lang='lat' dir='ltr'><em>margs</em></span> <span class='ocrx_word' id='word_1_324' title='bbox 1168 4258 1207 4304; x_wconf 84' lang='lat' dir='ltr'><em>lo·</em></span> 
     </span>
     <span class='ocr_line' id='line_1_42' title="bbox 220 4312 1063 4358; baseline -0.002 -2"><span class='ocrx_word' id='word_1_325' title='bbox 220 4315 315 4356; x_wconf 72' lang='lat' dir='ltr'><em>bonnet.</em></span> <span class='ocrx_word' id='word_1_326' title='bbox 427 4316 481 4358; x_wconf 78' lang='lat' dir='ltr'><em>.A:</em></span> <span class='ocrx_word' id='word_1_327' title='bbox 496 4314 534 4356; x_wconf 87' lang='lat' dir='ltr'><em>r&#39;tli</em></span> <span class='ocrx_word' id='word_1_328' title='bbox 546 4312 654 4357; x_wconf 86' lang='lat' dir='ltr'><em>doctrine</em></span> <span class='ocrx_word' id='word_1_329' title='bbox 666 4314 738 4357; x_wconf 83' lang='lat' dir='ltr'><em>deest.</em></span> <span class='ocrx_word' id='word_1_330' title='bbox 814 4313 844 4357; x_wconf 72' lang='lat'><em>31.</em></span> <span class='ocrx_word' id='word_1_331' title='bbox 860 4313 888 4356; x_wconf 88' lang='lat' dir='ltr'><em>B:</em></span> <span class='ocrx_word' id='word_1_332' title='bbox 903 4313 933 4355; x_wconf 91' lang='lat' dir='ltr'><em>de</em></span> <span class='ocrx_word' id='word_1_333' title='bbox 946 4312 1063 4355; x_wconf 86' lang='lat' dir='ltr'><em>doctrlna.</em></span> 
     </span>
    </p>
   </div>
   <div class='ocr_carea' id='block_1_5' title="bbox 277 4439 567 4505">
    <p class='ocr_par' dir='ltr' id='par_1_11' title="bbox 277 4439 567 4505">
     <span class='ocr_line' id='line_1_43' title="bbox 277 4439 567 4505; baseline -0.003 -16"><span class='ocrx_word' id='word_1_334' title='bbox 277 4455 314 4505; x_wconf 86' lang='lat'><em>¹7·</em></span> <span class='ocrx_word' id='word_1_335' title='bbox 334 4439 422 4489; x_wconf 79' lang='lat' dir='ltr'><em>Lucae</em></span> <span class='ocrx_word' id='word_1_336' title='bbox 439 4439 506 4500; x_wconf 75' lang='lat' dir='ltr'><em>xlx,</em></span> <span class='ocrx_word' id='word_1_337' title='bbox 529 4454 567 4489; x_wconf 88' lang='lat' dir='ltr'><em>to.</em></span> 
     </span>
    </p>
   </div>
   <div class='ocr_carea' id='block_1_6' title="bbox 0 0 1557 5130">
    <p class='ocr_par' dir='ltr' id='par_1_12' title="bbox 0 0 1557 5130">
     <span class='ocr_line' id='line_1_44' title="bbox 0 0 1557 5130; baseline 0 0"><span class='ocrx_word' id='word_1_338' title='bbox 0 0 1557 5130; x_wconf 95' lang='lat' dir='ltr'><em> </em></span> 
     </span>
    </p>
   </div>
  </div>
 </body>
</html>
