3098 5130
579 458 669 513 oeus
687 458 940 513 cvunoectcuu
960 457 1023 512 Lm.
1042 459 1083 512 111.
1145 434 1228 530 [cue.
1244 447 1337 499 xxiv.

342 640 445 692 meam,
478 623 576 679 dimisi
602 623 792 679 hereditatem
817 641 921 679 meam.
960 622 1052 678 Facta
1080 632 1123 679 est
1149 621 1222 678 mihi
1247 622 1335 678 here·

341 709 416 763 ditas
455 728 518 766 mea
557 710 641 785 quasi
675 711 812 786 spelunca
852 710 939 768 leene.
978 710 1134 766 Desertam
1166 709 1334 765 Judeorum

340 796 468 867 domum,
493 797 524 852 id
546 808 598 868 est,
622 798 759 873 templum
776 797 851 853 illud
874 797 951 872 quod
972 807 1040 853 ante
1059 796 1211 874 fulgebat,
1239 796 1336 852 oculis

344 885 577 959 comprobamus,
611 884 676 959 quia
715 884 909 941 habitatorem
951 883 1101 940 Christum
1135 883 1270 960 perdidit
1304 893 1336 940 et

343 970 533 1027 hereditatem
554 971 711 1047 preripere
733 971 871 1049 gestiens,
898 971 1003 1028 occidit
1025 971 1172 1028 heredem.
1347 975 1361 1026 5

387 1058 460 1113 Dico
498 1059 571 1114 enim
613 1058 707 1115 vobis:
745 1058 811 1115 Non
849 1076 895 1114 me
921 1057 1054 1114 uidebitis
1084 1056 1201 1130 amodo,
1239 1057 1335 1113 donec

343 1144 459 1201 dicatis:
500 1146 676 1202 Benedictus
706 1146 756 1221 qui
787 1143 864 1202 uenit
898 1145 926 1202 in
964 1145 1079 1202 nomine
1115 1144 1246 1202 Domini.
1285 1144 1336 1200 Ad

340 1232 504 1289 Jerusalem
529 1234 654 1308 loquitur
678 1243 705 1287 et
729 1234 768 1287 ad
789 1233 929 1308 populum
945 1234 1118 1289 Judeorum.
1149 1231 1332 1289 Versiculum

342 1330 436 1374 autem
470 1320 555 1375 istum
585 1338 640 1395 qtto
664 1331 690 1376 et
714 1321 838 1395 paruuli
864 1332 950 1395 atque
977 1321 1114 1376 lactentes
1137 1320 1165 1376 in
1194 1319 1333 1396 ingressu

341 1407 504 1462 Jerusalem
530 1407 650 1463 Domini
673 1407 839 1463 Salvatoris
866 1408 912 1464 usi
933 1417 1009 1479 sunt,
1038 1406 1152 1482 quando
1176 1407 1333 1463 dixerunt:
1349 1430 1380 1463 ιο

342 1494 516 1550 Benedictus
537 1494 588 1570 qni
614 1505 753 1549 uenturus
775 1505 817 1550 est
846 1494 873 1550 in
902 1494 1016 1551 nomine
1042 1494 1179 1563 Domini;
1214 1493 1334 1549 Osanna

343 1581 370 1635 in
394 1582 528 1657 excelsis,
545 1581 670 1656 suntpsit
694 1583 729 1636 de
752 1581 906 1638 centesimo
923 1582 1042 1639 Psalmo
1066 1580 1333 1655 decimoseptimo,

343 1668 392 1742 qui
414 1669 570 1742 titaniseste
598 1669 633 1723 de
655 1670 781 1724 aduentu
805 1668 928 1724 Domini
954 1669 1081 1744 scriptus
1107 1680 1158 1724 est.
1192 1667 1233 1724 Et
1254 1668 1335 1745 quod

344 1755 412 1810 dicit
436 1756 489 1810 hoc
513 1756 575 1810 vult
597 1755 737 1832 intelligi:
770 1755 837 1812 Nisi
854 1756 1047 1831 penitenciam
1072 1755 1193 1833 egeritis
1216 1765 1243 1810 et
1266 1773 1334 1811 con·

341 1842 423 1915 sessi
437 1842 561 1915 fueritis
584 1843 678 1918 ipsum
703 1861 749 1898 me
770 1860 833 1899 esse
857 1843 892 1898 de
915 1861 970 1918 quo
990 1833 1136 1919 prophete
1158 1842 1334 1913 cecinerunt,
1349 1849 1377 1900 15

343 1928 442 2004 filium
477 1929 679 2004 omnipotentis
698 1929 805 2005 patris,
837 1948 931 1985 meam
949 1931 1062 2006 faciem
1103 1948 1157 1986 non
1190 1929 1334 1986 uidebitis.

345 2015 461 2071 Habent
481 2017 569 2071 Judei
591 2018 690 2071 datum
719 2017 774 2073 sibi
800 2027 913 2093 tempus
935 2016 1113 2093 penitencie,·
1140 2015 1335 2094 confiteantur

345 2103 523 2158 benedictum
561 2104 611 2179 qui
640 2104 715 2159 veuit
743 2104 770 2159 in
803 2104 918 2160 nomine
940 2104 1061 2161 Domini
1088 2115 1115 2160 et
1141 2103 1254 2160 Christi
1280 2121 1334 2160 ora

345 2190 529 2265 conspicient.
554 2192 617 2247 Hec
640 2193 828 2264 leronymus.

145 2270 319 2375 [fflj'gg'ci
390 2276 595 2334 crisostomus
634 2291 735 2334 autem
775 2296 865 2353 super
903 2277 961 2335 isto
994 2291 1074 2334 textu
1109 2275 1152 2334 sic
1184 2275 1379 2351 loquiturzno

129 2387 176 2434 siras
192 2374 329 2417 themesio
351 2364 455 2418 Omnia
487 2365 597 2439 sutura
635 2376 702 2420 ante
740 2365 923 2441 prospiciens
960 2366 1105 2421 Dominus
1138 2365 1272 2441 previdit
1308 2374 1337 2419 et

150 2432 172 2468 ⁰¹
188 2427 307 2469 ¹¹¹⁰³⁰w³'
347 2451 461 2507 ruinam
492 2452 617 2508 civitatis
645 2452 723 2508 illius
751 2462 778 2508 et
801 2452 928 2531 plagam
956 2470 1010 2528 que
1043 2471 1060 2508 a
1085 2452 1225 2508 Romanis
1246 2467 1338 2527 super

343 2539 483 2614 populum
520 2539 601 2593 illum
635 2550 700 2594 erat
729 2549 861 2611 ventura,
899 2539 963 2596 ideo
996 2539 1140 2595 extollens
1177 2540 1336 2595 lamentum

346 2626 465 2702 lugebat
488 2643 563 2697 eam,
588 2626 699 2681 dicens:
720 2625 896 2699 Jerusalem,
918 2626 1082 2683 Jerusalem
1088 2647 1100 2696 ;
1123 2625 1339 2682 recordabatur

346 2713 460 2786 quidem
492 2715 667 2790 sanguinem
696 2724 866 2770 sanctorum
900 2732 1020 2770 suorum
1053 2713 1103 2789 qui
1133 2713 1240 2789 effusus
1271 2723 1338 2768 erat
1348 2722 1380 2773 25

345 2800 380 2854 ab
404 2799 462 2855 illis
485 2811 511 2855 et
539 2801 588 2875 qui
609 2801 705 2856 adhuc
724 2802 911 2876 postmodum
926 2802 1034 2876 suerat
1056 2800 1255 2877 effundendus.
1279 2800 1340 2855 Sed

346 2905 401 2942 non
426 2897 536 2944 tantum
561 2888 676 2945 dolebat
700 2887 736 2943 de
763 2888 869 2944 iniuria
896 2899 1075 2961 sanctorum,
1103 2888 1197 2944 sciens
1221 2887 1336 2962 qualem

347 2974 406 3029 illis
437 2974 567 3052 gloriam
601 2985 819 3050 preparaverat
847 2994 905 3051 pro
939 2986 1033 3031 morte
1064 2974 1189 3048 carnali,
1220 2974 1275 3030 sed
1302 2975 1339 3030 de

348 3061 466 3117 interitu
499 3062 617 3117 illorum
643 3061 747 3138 flebat,
780 3062 882 3137 quibus
918 3075 945 3119 et
976 3062 1004 3118 in
1036 3062 1091 3119 isto
1128 3062 1225 3118 seculo
1257 3061 1338 3117 mala

350 3159 470 3203 uentura
489 3149 615 3223 fuerant
641 3160 668 3204 et
692 3149 720 3204 in
737 3148 787 3205 illo
800 3149 915 3224 peiora.
933 3149 1014 3206 Sicut
1036 3149 1110 3205 euim
1127 3148 1339 3224 benefacientes
1350 3163 1383 3213 30

350 3254 405 3289 nou
430 3236 493 3290 Deo
519 3247 688 3311 prestamus
716 3236 768 3292 sed
791 3237 882 3304 nobis,
914 3237 995 3293 Deus
1022 3246 1118 3292 autem
1141 3237 1254 3313 gattdet
1282 3253 1339 3292 non

349 3323 385 3376 de
406 3341 458 3377 suo
482 3324 565 3378 lucro
590 3324 642 3379 sed
658 3324 693 3378 de
716 3335 815 3378 nostra
838 3324 941 3393 salute,
965 3324 1006 3379 sic
1019 3335 1172 3399 peccantes
1195 3342 1250 3380 non
1275 3323 1340 3379 Deo

349 3427 483 3465 nocemus
499 3411 551 3465 sed
567 3411 656 3465 nobis.
675 3411 755 3466 Deus
772 3422 867 3466 atttem
886 3410 1023 3466 tristatur
1038 3428 1093 3466 non
1111 3411 1147 3466 de
1163 3428 1215 3466 sua
1232 3410 1340 3466 iniuria

348 3497 400 3551 sed
432 3498 467 3551 de
499 3508 598 3552 treistra
630 3498 808 3572 perdicione.
842 3498 922 3553 Sicut
955 3515 1011 3553 rex
1047 3497 1189 3574 benignus
1219 3497 1342 3553 audiens

349 3584 521 3639 criminosas
534 3602 686 3659 personas,
708 3579 712 3664 l
734 3586 800 3661 lege
811 3585 925 3659 quidem
947 3584 1136 3659 compellente
1158 3585 1219 3661 ipse
1235 3584 1341 3641 mortis
1368 3599 1433 3661 413·

348 3672 522 3727 sentenciam
548 3672 635 3726 dictat
660 3673 804 3727 aduersus
826 3690 884 3738 eos,
912 3682 1008 3727 tannen
1033 3670 1235 3728 ntisericordia
1259 3670 1341 3727 insti-

316 3798 319 3803 .
349 3770 440 3834 gante
463 3758 604 3814 lacrimas
620 3759 726 3832 stettdit
749 3777 837 3834 super
866 3759 933 3814 illos
956 3771 983 3814 et
1007 3759 1068 3814 nult
1092 3759 1159 3815 illos
1181 3758 1343 3828 adiuvare3

350 3856 376 3900 et
401 3865 456 3902 non
477 3856 573 3920 potest
597 3846 813 3901 contradicente
828 3846 883 3901 sibi
905 3846 1027 3918 iusticia,
1050 3846 1117 3922 qm'a
1136 3845 1341 3902 misericordia

404 4135 555 4178 2.A:liene.
606 4136 717 4189 o.h:in
729 4138 798 4180 deest.
841 4136 1219 4192 18.19.ss:noramconsptctmt.
1272 4135 1343 4180 emh

352 4188 374 4230 ln
391 4200 477 4241 saurga
498 4188 659 4230 (Irisostomns.
701 4190 733 4232 25.
750 4192 783 4231 A:
799 4190 889 4242 quidem
904 4191 976 4232 deest.
1025 4201 1059 4244 27·
1075 4192 1107 4232 A:
1123 4189 1213 4232 debeat.
1254 4190 1341 4243 ²9.A:

351 4240 528 4294 quibuseciam.
584 4239 617 4281 30.
634 4240 687 4281 ltin
705 4240 875 4295 insurgamus.
930 4240 1102 4285 limantem
1117 4240 1188 4284 deest.
1242 4237 1342 4284 sustu

353 4304 438 4346 niara:
452 4292 513 4346 Quid
526 4292 558 4333 sil
571 4292 672 4335 iusticia.
727 4292 761 4335 bo.
777 4296 811 4336 A:
827 4295 899 4337 dicat.

410 4419 447 4465 ¹4·
469 4403 555 4450 Lucae
575 4402 638 4450 ΧΗΙ.
694 4417 734 4451 20.
753 4405 805 4467 Op.
825 4403 888 4469 lmp.
909 4404 925 4452 1.
944 4418 965 4454 c.
986 4419 1011 4467 p.
1030 4400 1082 4470 936
1100 4400 1237 4467 (CXCIV).
