3098 5130
193 508 260 552 cm.
276 495 336 577 Lu]
499 512 544 562 na
565 511 801 562 nnrrcnarsro
822 513 885 563 rto.
904 513 922 563 1.
1338 519 1394 561 221

237 675 334 747 Super
373 693 434 748 quo
466 675 660 746 leronymus:
695 673 850 748 Perspicua
882 675 1006 730 ostendit
1038 672 1182 731 Dominus
1222 688 1347 753 ¹Jerome:

194 780 284 836 quare
306 779 397 836 supra
430 761 519 816 dixit:
542 760 589 817 De
613 761 659 817 die
681 771 776 817 autem
801 760 852 816 illa
876 779 959 818 nemo
982 761 1070 832 nouit,
1093 780 1183 838 neque
1210 742 1381 850 ζ’ᾖῗῗὴξὴξζξῗ

196 849 281 926 filius
305 848 430 905 hominis
462 866 551 923 neque
574 846 676 924 angeli
705 848 761 904 nisi
779 859 867 922 pater
898 850 987 921 solus,
1025 850 1103 925 quod
1125 868 1181 906 non
1205 853 1309 942 W⁸⁵k¹¹⁰1
1323 853 1346 889 ¹⁰
1361 841 1388 890 be

196 933 336 1012 expediat
358 935 435 991 scire
457 935 608 1011 apostolis,
637 946 667 991 ut
686 935 813 1010 pendule
835 936 1049 1011 expectacionis
1072 936 1182 993 incerto
1266 911 1344 943 nown.

171 1034 311 1099 §semper
333 1041 398 1079 eum
415 1023 538 1079 credant
553 1039 616 1078 esse
632 1033 785 1078 venturum
802 1040 884 1097 quem
902 1023 1051 1101 ignorant,
1068 1025 1182 1099 qnando

197 1122 335 1167 uenturus
357 1111 411 1178 sit;
445 1121 472 1165 et
495 1127 550 1165 non
575 1109 651 1165 dixit
675 1109 740 1184 quia
769 1110 912 1166 nescimus
934 1129 991 1186 qua
1019 1111 1093 1167 nora
1118 1129 1184 1167 ren-

196 1209 280 1252 turus
311 1197 348 1252 sit
370 1197 526 1269 Dominus,
556 1197 609 1253 sed
636 1196 751 1253 nescitis
770 1197 971 1273 premissoque
998 1198 1184 1273 patrisfami-

197 1286 234 1341 lie
257 1285 467 1359 exemplatur
491 1284 610 1340 reticeat
626 1284 888 1341 consummationis
912 1285 986 1341 diem
1004 1285 1186 1361 manifestius

199 1373 280 1428 docet
304 1371 415 1428 dicens:
441 1370 544 1427 Estote
562 1370 665 1447 parati
686 1372 751 1445 quia
775 1372 890 1428 nescitis
907 1373 1011 1428 lroram
1029 1390 1084 1447 qua
1099 1373 1185 1450 filius

160 1458 323 1514 10bominis
348 1469 487 1515 uenturus
510 1469 560 1514 est.
587 1460 649 1514 Hec
672 1460 861 1531 leronymus.

240 1544 367 1601 Videtur
399 1545 491 1601 istum
525 1558 663 1602 sanctum
697 1563 730 1601 ex
754 1564 896 1620 processu
928 1546 1073 1621 evangelii
1098 1546 1185 1604 huius
1211 1561 1382 1618 Thespirituat

199 1633 380 1689 concludere
409 1634 566 1708 quomodo
590 1631 729 1689 Christus
753 1633 841 1690 docet
865 1633 1063 1690 saluberrime
1087 1634 1183 1691 homi·
1239 1617 1345 1711 f¹¹⁰¹²⁸e³

1258 1668 1305 1711 aith
1321 1669 1359 1710 tlte

197 1737 250 1776 nes
272 1718 411 1792 vigilare;
436 1719 609 1776 sicutenim
634 1718 800 1793 corporalis
816 1719 917 1793 vigilia
933 1734 977 1777 est
993 1720 1184 1796 experreccio
1216 1720 1380 1816 *imni-{Q

198 1825 340 1864 sensuum
365 1810 404 1863 ad
427 1806 581 1864 sensibilia
597 1805 829 1864 circumstancia
854 1810 1108 1881 cognoscendum,
1132 1811 1183 1865 sed
1237 1785 1345 1869 ”ciliis
1360 1786 1381 1814 ¹'

1227 1878 1320 1922 Virtues
1334 1877 1372 1918 tlte

1268 1931 1330 1983 well,

199 1982 266 2038 cula
291 1984 502 2055 cognoscenda
527 1995 555 2037 et
579 1980 750 2055 specialiter
773 1983 855 2056 quod
880 1982 972 2038 homo
996 1981 1096 2040 videat
1126 1982 1185 2039 fide
1222 1980 1361 2079 Cssllssffil

198 2068 279 2142 vigili
304 2068 393 2125 fidem
428 2070 465 2124 de
489 2067 538 2124 die
562 2067 675 2128 iudicii.
715 2071 791 2125 Nam
815 2067 897 2125 iuxta
925 2068 1006 2126 dicta
1031 2069 1104 2126 fides
1128 2069 1186 2127 ista
1259 2042 1330 2130 iiis.
1359 2047 1370 2076 Β

200 2169 244 2212 est
267 2156 497 2213 fundamentum
523 2157 632 2212 domus
656 2154 820 2228 spiritualis
845 2154 945 2212 anime
970 2155 1054 2212 cuius
1079 2157 1186 2214 funda·

201 2257 335 2299 mentum
361 2242 515 2300 humilitas
540 2256 583 2299 est
607 2255 787 2299 sementum.
820 2246 959 2312 Quatuor
982 2256 1081 2300 autem
1107 2243 1186 2317 pari·

157 2349 189 2383 20
200 2343 261 2387 etes
290 2343 359 2387 sunt
382 2329 507 2386 virtutes
540 2343 672 2404 quatuor
700 2329 879 2397 cardinales,
918 2329 1032 2386 scilicet
1056 2329 1185 2401 iusticia,

199 2416 376 2491 prudencia,
416 2416 562 2473 fortitudo
601 2430 629 2472 et
661 2416 876 2490 temperantia.
923 2418 1050 2472 Tectum
1085 2431 1184 2474 autem

201 2504 288 2561 huius
313 2507 421 2561 domus
444 2507 545 2579 quoad
576 2502 755 2560 meremium
780 2517 824 2559 est
848 2522 915 2579 spes
940 2503 1134 2561 beatitudinis
1158 2519 1186 2562 et

200 2591 319 2651 caritas.
352 2593 574 2666 legumentum
600 2604 717 2648 constat
749 2604 848 2647 autem
874 2609 907 2647 ex
931 2590 1020 2648 dictis
1050 2605 1078 2648 et
1101 2611 1186 2666 prac-

200 2677 259 2735 tica
293 2681 449 2752 quomodo
483 2679 529 2734 fur
562 2679 703 2734 diabolus
726 2679 821 2734 latens
860 2677 891 2735 in
926 2678 1058 2735 tenebris
1081 2697 1187 2753 pecca-

158 2766 302 2821 tbtorum
336 2766 365 2821 in
400 2766 598 2822 fundamento
634 2765 701 2821 fidei
738 2764 845 2821 nititur
878 2765 1037 2839 perfodere
1061 2767 1186 2822 domum

202 2852 299 2909 istam.

245 2939 450 2997 crisostomus
466 2953 567 2995 autem
592 2958 682 3012 super
700 2938 757 2995 isto
780 2951 861 2995 textu
885 2938 927 2995 sic
944 2939 1093 3013 loquitur:
1122 2941 1187 3008 Qua
1218 2956 1389 3017 chrysostom:¹

201 3028 273 3082 eninr
299 3028 416 3083 racione
448 3027 557 3082 nonani
587 3026 773 3083 absconditus
803 3037 845 3082 est
870 3026 930 3083 dies
964 3027 1067 3084 mortis
1089 3027 1188 3103 ipsius.
1211 3008 1386 3115 ᾒξῖἶᾞζξῑξὲ

207 3113 342 3170 Videlicet
375 3126 406 3169 ut
437 3132 554 3189 semper
589 3113 758 3188 benefaciat,
791 3130 907 3188 semper
944 3125 1066 3170 mortem
1104 3132 1187 3171 suam
1233 3111 1330 3208 rhpday
1344 3112 1370 3207 ‘l‘

160 3204 333 3276 30sperans.
366 3201 480 3256 Eadem
513 3201 629 3257 racione
657 3212 684 3256 et
716 3201 752 3256 ab
780 3201 911 3256 omnibus
939 3201 1100 3257 bominibus
1138 3202 1188 3257 ab·
1238 3177 1260 3220 ὐ
1279 3176 1365 3219 gmen.

201 3289 348 3345 sconditus
364 3300 406 3344 cst
422 3288 483 3343 dies
498 3288 639 3344 aduentus
659 3286 779 3359 Christi,
812 3287 945 3345 uidelicet
967 3299 997 3343 ut
1024 3307 1076 3344 sua
1100 3306 1188 3364 gene·

203 3375 282 3431 racio
304 3376 435 3432 salvetur
457 3375 549 3431 sciens
571 3375 725 3430 adventum
749 3373 849 3450 ipsius,
871 3375 924 3431 sed
946 3393 1044 3431 omnes
1068 3377 1136 3431 dnm
1160 3376 1188 3430 in

201 3462 326 3539 singulis
342 3463 498 3537 quibusque
511 3461 905 3540 generacionibusadventus
925 3463 1038 3519 Christi
1050 3473 1190 3538 speratur

203 3561 229 3604 et
255 3549 382 3605 nescitur
411 3549 536 3624 quando,
572 3559 603 3604 ut
628 3548 760 3605 continue
784 3549 930 3605 timeatur.
965 3550 1032 3604 Ideo
1065 3550 1189 3605 interro·

162 3635 339 3714 35gantibus
362 3654 394 3693 se
416 3636 564 3712 discipulis
585 3636 661 3692 suis:
699 3636 824 3691 Domine
855 3636 881 3691 si
911 3636 939 3690 in
972 3647 1103 3711 tempore
1134 3636 1189 3692 boc

204 3723 338 3779 restitues
362 3741 486 3800 regnum
505 3723 607 3792 lsrael,
632 3723 797 3798 respondit:
820 3723 886 3779 Non
902 3733 946 3779 est
961 3734 1089 3779 vestrum
1106 3741 1190 3780 nosse

203 3821 338 3886 tempora
363 3811 409 3869 rel
432 3822 576 3866 momenta
608 3828 663 3885 que
680 3821 770 3885 pater
789 3810 888 3885 posuit
911 3809 939 3864 in
962 3827 1014 3866 sua
1034 3820 1186 3886 potestate.

159 1893 364 1968 tbspiritualis
387 1893 488 1969 vigilia
512 1908 557 1950 est
591 1893 700 1951 mentis
724 1894 897 1968 expereccio
926 1896 964 1951 ad
989 1894 1082 1952 animi
1107 1896 1184 1970 peri-

256 4103 271 4134 r.
286 4091 308 4134 Α
323 4090 346 4134 iu
358 4103 444 4146 marg.:
459 4091 604 4147 leronymus.
662 4102 688 4133 rr.
703 4092 725 4134 Α
735 4091 758 4133 in
770 4102 856 4145 merga
870 4089 999 4134 lahama.
1030 4143 1034 4152 Ι
1054 4090 1083 4134 15.
1099 4090 1188 4135 ecda:

203 4170 364 4225 erpergeccio.
456 4181 485 4223 17.
501 4171 522 4212 Α
537 4168 559 4212 in
572 4181 657 4223 marp:
676 4166 762 4223 Vigilia
777 4168 863 4224 duplex
883 4143 896 4246 ξ
911 4143 1051 4249 ξβζζῖζὲᾔζ
1110 4168 1143 4212 32.
1154 4170 1188 4212 A:

202 4248 292 4291 scilieet
303 4260 389 4291 ornnes.
457 4246 492 4299 34,
508 4247 540 4290 35.
555 4249 589 4291 A:
609 4247 664 4290 Ideo
678 4247 740 4290 intus
754 4247 901 4304 rogantibus.

244 4390 262 4421 r.
282 4374 388 4422 Comnr.
408 4374 433 4422 in
453 4371 542 4422 Matth.
572 4373 587 4422 l.
607 4389 629 4423 c.
653 4388 712 4438 pag.
738 4389 795 4423 201.
868 4387 910 4439 ²7·
929 4374 1005 4438 Opus
1029 4374 1093 4438 lmp.
1122 4373 1139 4422 l.
1167 4389 1189 4423 c.

205 4458 263 4508 pag.
283 4443 341 4509 957.
415 4443 454 4495 35.
476 4445 533 4492 Act.
553 4443 570 4504 l,
590 4441 614 4504 6,
634 4458 658 4507 7.
