3098 5130
209 480 273 523 CAl‘.
291 467 364 548 [Vll
500 485 543 533 l)l·]
565 485 800 533 ANTlClllllS'l'O
823 486 884 533 tells.
905 486 921 534 l.

208 646 319 719 decepti
350 645 585 701 irracionabilem
618 647 773 703 stulticiam
800 657 978 722 putaverunt
1014 665 1074 703 esse
1099 648 1191 702 licum

207 733 302 787 colere
325 733 499 809 crucifixum
516 744 543 788 et
560 734 724 789 detulerunt
741 746 876 791 creature
891 736 1021 811 gloriam
1039 735 1192 791 creatoris.

207 819 362 896 lugebunt
394 831 420 875 et
453 820 606 875 christiani
632 834 803 896 peccatores
827 822 875 896 qui
906 823 1004 899 magis
1027 823 1194 878 dilexerunt

207 907 345 961 niundum
370 925 455 980 quani
488 907 647 973 Christum,
680 926 743 963 cnm
768 909 914 964 audierint
942 928 1005 964 eum
1031 911 1082 965 ltec
1107 908 1193 963 verba

183 994 345 1056 §dicentem
363 994 462 1050 adse:
486 996 552 1071 Ego
566 1005 692 1069 propter
710 1014 759 1050 uos
775 996 860 1052 liomo
869 997 973 1070 sactus
988 998 1049 1071 sui,
1070 1006 1195 1071 propter

208 1097 258 1134 vos
282 1081 422 1157 alligatus
445 1093 472 1137 et
496 1083 613 1137 delusus
636 1093 662 1136 ct
694 1100 778 1138 cesus
812 1095 839 1139 et
862 1083 1032 1161 crucifixus.
1076 1082 1131 1137 l'bi
1152 1093 1195 1138 est

207 1178 355 1222 tantarum
394 1169 568 1224 iniuriarum
611 1187 741 1225 mearum
771 1170 918 1244 fructus?
959 1171 1034 1227 Ecce
1062 1169 1193 1245 precium

207 1255 359 1330 sanguinis
375 1257 432 1310 mei
442 1274 522 1330 quem
541 1256 609 1311 dedi
613 1275 671 1331 pro
683 1258 884 1332 redempcione
901 1259 1065 1313 animarum
1084 1267 1194 1312 uestra-

209 1360 293 1396 rum:
322 1342 376 1397 l'lri
398 1355 440 1398 est
463 1344 589 1399 seruitus
607 1355 703 1399 uestra
728 1363 812 1418 quam
838 1344 909 1400 milii
926 1363 985 1420 pro
1004 1344 1105 1419 precio
1128 1362 1194 1399 san-

170 1429 307 1503 10guinis
330 1430 387 1484 inci
410 1430 539 1486 debetis?
561 1431 630 1510 Ego
654 1449 744 1505 super
765 1432 895 1508 gloriani
914 1450 1007 1487 meam
1032 1450 1083 1487 uos
1099 1431 1193 1499 habui,

207 1534 270 1570 cum
295 1534 384 1572 essem
411 1518 491 1573 Deus
514 1536 659 1593 apparens
682 1518 767 1574 ltomo
791 1530 818 1574 et
842 1519 972 1574 uiliorem
997 1537 1043 1574 me
1065 1518 1195 1574 omnibus

209 1603 294 1658 rebus
319 1604 423 1660 uestris
436 1605 564 1677 jecistis.
599 1608 675 1663 Nam
700 1622 811 1661 omnem
836 1624 897 1660 rent
923 1606 1091 1662 vilissimam
1116 1617 1196 1661 terre

207 1690 333 1765 amplius
349 1691 493 1747 dilexistis
514 1711 600 1767 quam
617 1692 759 1749 iusticiam
777 1711 870 1749 meant
887 1703 914 1749 et
921 1693 1026 1768 fldem.
1052 1693 1196 1769 Plangent

207 1795 238 1833 sc
262 1779 383 1834 herenei
398 1780 446 1853 qui
464 1797 573 1854 purum
598 1779 741 1837 hominem
758 1781 932 1857 crucifixum
957 1781 1105 1844 dixerunt,
1130 1798 1194 1836 cum

169 1878 196 1927 15
210 1864 333 1920 uiderint
355 1866 448 1940 ipsum
472 1885 534 1922 esse
549 1868 671 1924 iudicem
695 1867 723 1921 in
746 1885 828 1942 quem
847 1879 1080 1942 compunxerunt
1101 1866 1194 1921 Judei.

212 1953 365 2018 Quomodo
398 1954 471 2008 enini
504 1968 615 2031 argunt
643 1953 753 2012 ludeos
785 1955 867 2029 quasi
903 1956 1106 2030 interfectores
1136 1953 1198 2030 filii

208 2039 274 2110 Dei,
306 2040 333 2095 si
363 2058 417 2094 nou
442 2041 528 2117 filius
552 2043 609 2098 Dei
639 2043 690 2099 sed
718 2060 811 2116 purus
835 2042 921 2097 ltomo
944 2053 985 2097 est
1009 2040 1197 2117 crucifixus?
1227 2040 1386 2136 vasnfngtpjcs

208 2126 246 2180 Et
278 2137 345 2182 tunc
374 2128 519 2204 plangent
549 2148 580 2184 se
603 2148 702 2185 omnes
724 2128 817 2183 tribus
839 2140 928 2195 terre,
961 2129 1026 2203 quia
1051 2145 1101 2183 uec
1125 2127 1195 2183 resi·
1226 2107 1389 2206 bacauseilliy

207 2213 303 2268 stendi
333 2214 425 2269 uirtus
459 2226 502 2270 cst
526 2227 628 2271 contra
653 2235 715 2272 eum
749 2227 775 2270 et
791 2216 934 2292 fugiendi
965 2216 1044 2270 nulla
1061 2215 1196 2289 facultas
1215 2198 1403 2292 Ἥῇξίξζᾞυ

167 2311 273 2363 20ante
289 2300 401 2375 sacient
419 2302 479 2357 eius
495 2320 545 2358 nec
558 2302 718 2377 penitencie
734 2302 829 2358 locus:
852 2320 891 2357 ex
911 2303 1050 2378 augustia
1068 2302 1195 2357 omnium
1212 2303 1253 2345 ¹¹³0
1268 2303 1327 2345 nom
1343 2301 1406 2345 nim.

208 2405 307 2442 rerum
340 2388 413 2442 nini!
444 2389 484 2443 eis
518 2402 649 2446 remanet
682 2389 736 2445 nisi
767 2389 870 2444 luctus,
909 2389 1017 2444 Merito
1053 2389 1197 2465 plangent

207 2491 246 2537 sc,
276 2475 341 2548 quia
366 2486 433 2531 tunc
460 2493 549 2551 neque
569 2477 690 2552 pecunie
716 2476 851 2531 divitibus
880 2487 1006 2551 prosunt
1029 2476 1069 2530 ad
1092 2476 1197 2532 elemo-

207 2561 300 2615 sinam
317 2562 490 2635 saciendum
525 2582 613 2638 neque
642 2574 782 2640 parentes
813 2563 882 2618 iusti
909 2582 967 2638 pro
997 2563 1073 2639 filiis
1107 2562 1195 2617 inter-

208 2649 311 2703 cedunt
334 2667 424 2723 neque
455 2650 511 2723 ipsi
540 2651 641 2728 angeli
669 2670 726 2726 pro
750 2650 921 2718 hominibus,
960 2651 1033 2706 sicut
1056 2649 1196 2712 solebant,

167 2735 315 2808 25sacient
340 2738 474 2792 uerbum:
505 2739 570 2811 quia
604 2757 659 2793 non
692 2737 795 2812 recipit
819 2748 924 2792 natura
958 2737 1058 2792 iudicii
1084 2736 1197 2791 miscri-

209 2822 340 2877 cordiam
364 2822 439 2878 sicnt
470 2842 520 2880 nec
549 2836 661 2900 tempus
685 2824 884 2880 misericordie
917 2824 1063 2897 iudicium,
1088 2823 1198 2879 dicente

206 2910 350 2983 propheta
359 2932 367 2963 .·
390 2910 626 2967 Misericordiam
651 2922 678 2967 et
701 2911 837 2967 iudicium
855 2912 976 2967 cantabo
993 2911 1044 2967 tibi
1059 2907 1194 2983 Domine}

119 2992 180 3054 4²5⁰
210 2995 442 3052 misericordiam
467 2999 494 3053 in
521 2999 620 3074 primo
653 3000 777 3055 adventu
801 3010 827 3054 et
851 2998 986 3054 iudicium
1011 2999 1038 3053 in
1062 2998 1196 3054 secundo.

210 3083 241 3137 ln
270 3085 369 3158 priori
398 3086 523 3140 adventu
557 3086 716 3142 nolentibus
753 3085 892 3160 apostolis
924 3086 1020 3162 ignem
1055 3085 1198 3160 deponere
1245 3091 1370 3166 tudanum

168 3185 199 3234 30
211 3172 301 3226 dixit:
340 3172 464 3227 Nescitis
487 3173 566 3229 cuius
589 3173 711 3248 spiritus
734 3173 810 3229 estis.
849 3172 942 3228 Filius
976 3172 1050 3228 enim
1076 3172 1198 3228 honunis
1217 3144 1402 3240 scllsillssdlim

210 3276 264 3312 non
290 3259 364 3313 venit
381 3260 512 3315 iudicare
528 3261 665 3315 mundum
682 3260 735 3316 sed
756 3260 881 3315 salvare.
907 3260 937 3314 ln
961 3260 1086 3315 secundo
1102 3271 1196 3315 autem
1228 3262 1254 3291 ³⁵
1269 3261 1346 3344 ⁰252?
1361 3250 1398 3291 ¹¹¹⁰

211 3345 293 3400 dicit:
331 3346 407 3401 Nam
424 3346 508 3422 filius
531 3347 654 3403 hominis
688 3347 777 3403 ueniet
809 3347 836 3401 in
860 3347 1009 3402 maiestate
1035 3347 1200 3422 patrissui

209 3443 236 3487 et
258 3443 325 3487 tunc
342 3434 444 3489 reddet
461 3434 610 3510 uincuique
629 3435 785 3490 secundum
803 3451 891 3509 opera
914 3435 983 3489 eius.
1009 3433 1047 3489 Et
1065 3433 1198 3489 videbunt

211 3519 310 3596 filium
344 3520 468 3576 hominis
501 3523 657 3577 venientem
682 3532 735 3577 etc.
774 3521 944 3594 Siquando
977 3538 1033 3575 rex
1064 3531 1199 3576 terrenus

169 3618 199 3668 35
207 3625 401 3681 processurus
417 3619 520 3664 contra
542 3608 677 3682 aliquem,
702 3608 730 3663 in
743 3609 928 3682 expedicione
944 3607 1062 3662 mandat
1075 3607 1197 3683 populo,

211 3712 309 3750 omnes
340 3695 497 3772 dignitates
530 3707 691 3764 mouentur,
724 3695 889 3751 excercitus
918 3695 1065 3750 excitatur
1088 3704 1115 3749 et
1138 3704 1197 3750 tota

211 3781 312 3836 ciuitas
320 3783 432 3856 servet,
449 3782 663 3860 quantomagis
676 3783 858 3860 regecelesti
873 3792 1052 3859 exsurgente
1068 3781 1198 3837 iudicare

264 4117 282 4179 3
298 4118 357 4160 Ain
373 4128 460 4170 marga
475 4130 500 4171 3.
581 4130 604 4178 a..
620 4119 654 4159 A:
670 4116 803 4159 audierunt.
883 4116 901 4160 5,
918 4118 953 4158 A:
969 4115 1043 4178 dese.
1067 4171 1070 4177 Ι
1120 4117 1143 4158 o.
1160 4118 1193 4178 A:

211 4169 405 4231 crucfixussum.
467 4169 514 4231 .¹⁵·
530 4171 564 4212 A:
589 4182 612 4210 tn
634 4181 699 4224 quem
723 4167 985 4231 compnxeruntnluder.
1036 4222 1039 4228 .
1066 4167 1095 4211 n.
1109 4171 1152 4242 ‚²³²
1173 4182 1196 4211 in

210 4222 438 4321 titulusita-2
450 4222 693 4317 'lcltloxfittu
714 4220 1198 4328 alleluiuff'sllil'mk’s'p'bul'32⁶3ss

265 4420 305 4465 28.
320 4418 414 4465 l‘salm.
429 4418 457 4477 C,
477 4432 494 4463 ι.
556 4419 596 4466 3ο.
617 4416 703 4466 laicae
714 4417 755 4479 lX,
771 4417 812 4478 55,
828 4415 867 4466 ὃὸ.
927 4418 967 4469 32.
979 4415 1068 4465 uanh.
1079 4416 1144 4475 XVI,
1156 4432 1197 4481 27.
