<?xml version="1.0" encoding="UTF-8"?>
<!DOCTYPE html PUBLIC "-//W3C//DTD XHTML 1.0 Transitional//EN"
    "http://www.w3.org/TR/xhtml1/DTD/xhtml1-transitional.dtd">
<html xmlns="http://www.w3.org/1999/xhtml" xml:lang="en" lang="en">
 <head>
  <title>
</title>
<meta http-equiv="Content-Type" content="text/html;charset=utf-8" />
  <meta name='ocr-system' content='tesseract 3.04.00' />
  <meta name='ocr-capabilities' content='ocr_page ocr_carea ocr_par ocr_line ocrx_word'/>
</head>
<body>
  <div class='ocr_page' id='page_1' title='image "./iohanniswyclifo01wyclgoog_0267.png"; bbox 0 0 3098 5130; ppageno 0'>
   <div class='ocr_carea' id='block_1_1' title="bbox 413 462 1170 546">
    <p class='ocr_par' dir='ltr' id='par_1_1' title="bbox 413 462 1170 546">
     <span class='ocr_line' id='line_1_1' title="bbox 413 462 1170 546; baseline -0.003 -18"><span class='ocrx_word' id='word_1_1' title='bbox 413 479 503 529; x_wconf 77' lang='lat' dir='ltr'><strong><em>oros</em></strong></span> <span class='ocrx_word' id='word_1_2' title='bbox 522 479 775 530; x_wconf 71' lang='grc' dir='ltr'>ενιιιοιειιειιιι</span> <span class='ocrx_word' id='word_1_3' title='bbox 797 480 860 529; x_wconf 74' lang='grc' dir='ltr'>ιιιι.</span> <span class='ocrx_word' id='word_1_4' title='bbox 879 479 919 529; x_wconf 89' lang='grc' dir='ltr'>ιιι,</span> <span class='ocrx_word' id='word_1_5' title='bbox 1002 462 1085 546; x_wconf 71' lang='lat' dir='ltr'><strong><em>[cnr.</em></strong></span> <span class='ocrx_word' id='word_1_6' title='bbox 1107 475 1170 521; x_wconf 80' lang='grc' dir='ltr'>ιιιι.</span> 
     </span>
    </p>
   </div>
   <div class='ocr_carea' id='block_1_2' title="bbox 0 633 1265 3854">
    <p class='ocr_par' dir='ltr' id='par_1_2' title="bbox 0 633 1265 3854">
     <span class='ocr_line' id='line_1_2' title="bbox 8 633 1170 743; baseline 0 -46"><span class='ocrx_word' id='word_1_7' title='bbox 8 633 157 743; x_wconf 55' lang='lat' dir='ltr'><strong><em>,gsffiffio</em></strong></span> <span class='ocrx_word' id='word_1_8' title='bbox 180 641 207 697; x_wconf 90' lang='lat' dir='ltr'><strong><em>in</em></strong></span> <span class='ocrx_word' id='word_1_9' title='bbox 231 642 305 718; x_wconf 84' lang='lat' dir='ltr'><strong><em>fide,</em></strong></span> <span class='ocrx_word' id='word_1_10' title='bbox 344 641 371 697; x_wconf 90' lang='lat' dir='ltr'><strong><em>in</em></strong></span> <span class='ocrx_word' id='word_1_11' title='bbox 396 640 551 716; x_wconf 79' lang='lat' dir='ltr'><strong><em>sapiencia,</em></strong></span> <span class='ocrx_word' id='word_1_12' title='bbox 584 640 612 696; x_wconf 92' lang='lat' dir='ltr'><strong><em>in</em></strong></span> <span class='ocrx_word' id='word_1_13' title='bbox 651 651 782 715; x_wconf 89' lang='lat' dir='ltr'><strong><em>tempore</em></strong></span> <span class='ocrx_word' id='word_1_14' title='bbox 819 652 991 717; x_wconf 89' lang='lat' dir='ltr'><strong><em>opportuno.</em></strong></span> <span class='ocrx_word' id='word_1_15' title='bbox 1044 641 1076 696; x_wconf 93' lang='lat' dir='ltr'><strong><em>In</em></strong></span> <span class='ocrx_word' id='word_1_16' title='bbox 1101 642 1170 719; x_wconf 88' lang='lat' dir='ltr'><strong><em>fide</em></strong></span> 
     </span>
     <span class='ocr_line' id='line_1_3' title="bbox 4 728 1170 800; baseline 0.003 -18"><span class='ocrx_word' id='word_1_17' title='bbox 4 747 52 783; x_wconf 80' lang='lat' dir='ltr'><strong><em>aen</em></strong></span> <span class='ocrx_word' id='word_1_18' title='bbox 66 751 92 781; x_wconf 78' lang='lat' dir='ltr'><strong><em>as</em></strong></span> <span class='ocrx_word' id='word_1_19' title='bbox 107 741 135 782; x_wconf 81' lang='lat' dir='ltr'><strong><em>ne</em></strong></span> <span class='ocrx_word' id='word_1_20' title='bbox 182 739 212 784; x_wconf 92' lang='lat' dir='ltr'><strong><em>ut</em></strong></span> <span class='ocrx_word' id='word_1_21' title='bbox 235 729 390 784; x_wconf 82' lang='lat' dir='ltr'><strong><em>credamus</em></strong></span> <span class='ocrx_word' id='word_1_22' title='bbox 412 728 453 784; x_wconf 89' lang='lat' dir='ltr'><strong><em>sic</em></strong></span> <span class='ocrx_word' id='word_1_23' title='bbox 476 745 546 800; x_wconf 88' lang='lat' dir='ltr'><strong><em>esse,</em></strong></span> <span class='ocrx_word' id='word_1_24' title='bbox 570 728 643 784; x_wconf 88' lang='lat' dir='ltr'><strong><em>sicut</em></strong></span> <span class='ocrx_word' id='word_1_25' title='bbox 667 728 819 795; x_wconf 90' lang='lat' dir='ltr'><strong><em>docemus;</em></strong></span> <span class='ocrx_word' id='word_1_26' title='bbox 841 728 891 784; x_wconf 91' lang='lat' dir='ltr'><strong><em>ille</em></strong></span> <span class='ocrx_word' id='word_1_27' title='bbox 913 729 1059 784; x_wconf 88' lang='lat' dir='ltr'><strong><em>credendo</em></strong></span> <span class='ocrx_word' id='word_1_28' title='bbox 1083 728 1170 785; x_wconf 90' lang='lat' dir='ltr'><strong><em>docet</em></strong></span> 
     </span>
     <span class='ocr_line' id='line_1_4' title="bbox 18 792 1169 891; baseline 0.002 -21"><span class='ocrx_word' id='word_1_29' title='bbox 18 792 122 843; x_wconf 47' lang='lat' dir='ltr'><strong><em>reaches</em></strong></span> <span class='ocrx_word' id='word_1_30' title='bbox 182 815 231 891; x_wconf 86' lang='lat' dir='ltr'><strong><em>qui</em></strong></span> <span class='ocrx_word' id='word_1_31' title='bbox 243 815 324 891; x_wconf 90' lang='lat' dir='ltr'><strong><em>sacit</em></strong></span> <span class='ocrx_word' id='word_1_32' title='bbox 347 817 419 872; x_wconf 89' lang='lat' dir='ltr'><strong><em>sicut</em></strong></span> <span class='ocrx_word' id='word_1_33' title='bbox 452 815 544 887; x_wconf 89' lang='lat' dir='ltr'><strong><em>docet,</em></strong></span> <span class='ocrx_word' id='word_1_34' title='bbox 577 815 626 891; x_wconf 87' lang='lat' dir='ltr'><strong><em>qui</em></strong></span> <span class='ocrx_word' id='word_1_35' title='bbox 656 826 750 871; x_wconf 91' lang='lat' dir='ltr'><strong><em>autem</em></strong></span> <span class='ocrx_word' id='word_1_36' title='bbox 788 833 843 870; x_wconf 92' lang='lat' dir='ltr'><strong><em>non</em></strong></span> <span class='ocrx_word' id='word_1_37' title='bbox 868 815 948 889; x_wconf 83' lang='lat' dir='ltr'><strong><em>jacit</em></strong></span> <span class='ocrx_word' id='word_1_38' title='bbox 981 816 1085 871; x_wconf 82' lang='lat' dir='ltr'><strong><em>bonum</em></strong></span> <span class='ocrx_word' id='word_1_39' title='bbox 1111 835 1169 872; x_wconf 94' lang='lat' dir='ltr'><strong><em>non</em></strong></span> 
     </span>
     <span class='ocr_line' id='line_1_5' title="bbox 183 902 1170 974; baseline 0 -15"><span class='ocrx_word' id='word_1_40' title='bbox 183 903 276 959; x_wconf 86' lang='lat' dir='ltr'><strong><em>credit</em></strong></span> <span class='ocrx_word' id='word_1_41' title='bbox 299 903 327 958; x_wconf 87' lang='lat' dir='ltr'><strong><em>in</em></strong></span> <span class='ocrx_word' id='word_1_42' title='bbox 351 904 434 959; x_wconf 86' lang='lat' dir='ltr'><strong><em>bono.</em></strong></span> <span class='ocrx_word' id='word_1_43' title='bbox 463 902 522 969; x_wconf 89' lang='lat' dir='ltr'><strong><em>Qui</em></strong></span> <span class='ocrx_word' id='word_1_44' title='bbox 543 913 711 960; x_wconf 90' lang='lat' dir='ltr'><strong><em>autemnon</em></strong></span> <span class='ocrx_word' id='word_1_45' title='bbox 735 902 828 958; x_wconf 87' lang='lat' dir='ltr'><strong><em>credit</em></strong></span> <span class='ocrx_word' id='word_1_46' title='bbox 852 903 979 974; x_wconf 85' lang='lat' dir='ltr'><strong><em>inbono,</em></strong></span> <span class='ocrx_word' id='word_1_47' title='bbox 1004 921 1059 958; x_wconf 92' lang='lat' dir='ltr'><strong><em>non</em></strong></span> <span class='ocrx_word' id='word_1_48' title='bbox 1083 904 1170 960; x_wconf 89' lang='lat' dir='ltr'><strong><em>docet</em></strong></span> 
     </span>
     <span class='ocr_line' id='line_1_6' title="bbox 183 989 1196 1067; baseline 0 -22"><span class='ocrx_word' id='word_1_49' title='bbox 183 990 210 1045; x_wconf 91' lang='lat' dir='ltr'><strong><em>in</em></strong></span> <span class='ocrx_word' id='word_1_50' title='bbox 225 989 300 1066; x_wconf 83' lang='lat' dir='ltr'><strong><em>fide,</em></strong></span> <span class='ocrx_word' id='word_1_51' title='bbox 325 991 373 1065; x_wconf 88' lang='lat' dir='ltr'><strong><em>qui</em></strong></span> <span class='ocrx_word' id='word_1_52' title='bbox 387 1001 481 1046; x_wconf 91' lang='lat' dir='ltr'><strong><em>autem</em></strong></span> <span class='ocrx_word' id='word_1_53' title='bbox 507 1008 570 1047; x_wconf 90' lang='lat' dir='ltr'><strong><em>cum</em></strong></span> <span class='ocrx_word' id='word_1_54' title='bbox 586 991 652 1067; x_wconf 85' lang='lat' dir='ltr'><strong><em>fide</em></strong></span> <span class='ocrx_word' id='word_1_55' title='bbox 675 1008 729 1046; x_wconf 90' lang='lat' dir='ltr'><strong><em>non</em></strong></span> <span class='ocrx_word' id='word_1_56' title='bbox 750 989 896 1065; x_wconf 87' lang='lat' dir='ltr'><strong><em>predicat,</em></strong></span> <span class='ocrx_word' id='word_1_57' title='bbox 921 1009 976 1045; x_wconf 91' lang='lat' dir='ltr'><strong><em>non</em></strong></span> <span class='ocrx_word' id='word_1_58' title='bbox 992 990 1087 1047; x_wconf 88' lang='lat' dir='ltr'><strong><em>solum</em></strong></span> <span class='ocrx_word' id='word_1_59' title='bbox 1112 994 1196 1046; x_wconf 75' lang='lat' dir='ltr'><strong><em>noni</em></strong></span> 
     </span>
     <span class='ocr_line' id='line_1_7' title="bbox 183 1071 1265 1158; baseline -0.003 -25"><span class='ocrx_word' id='word_1_60' title='bbox 183 1087 225 1134; x_wconf 91' lang='lat' dir='ltr'><strong><em>est</em></strong></span> <span class='ocrx_word' id='word_1_61' title='bbox 248 1077 338 1134; x_wconf 87' lang='lat' dir='ltr'><strong><em>bonus</em></strong></span> <span class='ocrx_word' id='word_1_62' title='bbox 353 1078 402 1134; x_wconf 90' lang='lat' dir='ltr'><strong><em>ille</em></strong></span> <span class='ocrx_word' id='word_1_63' title='bbox 425 1095 528 1134; x_wconf 86' lang='lat' dir='ltr'><strong><em>seruus</em></strong></span> <span class='ocrx_word' id='word_1_64' title='bbox 548 1072 552 1158; x_wconf 73' lang='grc' dir='ltr'>Ι</span> <span class='ocrx_word' id='word_1_65' title='bbox 573 1079 625 1133; x_wconf 91' lang='lat' dir='ltr'><strong><em>sed</em></strong></span> <span class='ocrx_word' id='word_1_66' title='bbox 648 1078 769 1132; x_wconf 90' lang='lat' dir='ltr'><strong><em>multum</em></strong></span> <span class='ocrx_word' id='word_1_67' title='bbox 794 1076 909 1152; x_wconf 82' lang='lat' dir='ltr'><em>infelix,</em></span> <span class='ocrx_word' id='word_1_68' title='bbox 932 1076 999 1153; x_wconf 80' lang='lat' dir='ltr'><strong><em>quia</em></strong></span> <span class='ocrx_word' id='word_1_69' title='bbox 1015 1077 1090 1133; x_wconf 89' lang='lat' dir='ltr'><strong><em>alios</em></strong></span> <span class='ocrx_word' id='word_1_70' title='bbox 1106 1078 1181 1152; x_wconf 53' lang='lat' dir='ltr'><strong><em>quia</em></strong></span> <span class='ocrx_word' id='word_1_71' title='bbox 1200 1071 1265 1130; x_wconf 79' lang='lat'>427·</span> 
     </span>
     <span class='ocr_line' id='line_1_8' title="bbox 184 1164 1170 1242; baseline 0 -22"><span class='ocrx_word' id='word_1_72' title='bbox 184 1165 248 1221; x_wconf 91' lang='lat' dir='ltr'><strong><em>dem</em></strong></span> <span class='ocrx_word' id='word_1_73' title='bbox 266 1165 358 1237; x_wconf 90' lang='lat' dir='ltr'><strong><em>docet,</em></strong></span> <span class='ocrx_word' id='word_1_74' title='bbox 381 1183 412 1222; x_wconf 91' lang='lat' dir='ltr'><strong><em>se</em></strong></span> <span class='ocrx_word' id='word_1_75' title='bbox 426 1175 521 1221; x_wconf 89' lang='lat' dir='ltr'><strong><em>autem</em></strong></span> <span class='ocrx_word' id='word_1_76' title='bbox 540 1164 673 1242; x_wconf 79' lang='lat' dir='ltr'><em>negligit.</em></span> <span class='ocrx_word' id='word_1_77' title='bbox 697 1164 746 1219; x_wconf 88' lang='lat' dir='ltr'><strong><em>Sic</em></strong></span> <span class='ocrx_word' id='word_1_78' title='bbox 766 1165 908 1239; x_wconf 89' lang='lat' dir='ltr'><strong><em>prudens,</em></strong></span> <span class='ocrx_word' id='word_1_79' title='bbox 933 1164 998 1240; x_wconf 87' lang='lat' dir='ltr'><strong><em>quia</em></strong></span> <span class='ocrx_word' id='word_1_80' title='bbox 1022 1182 1078 1222; x_wconf 93' lang='lat' dir='ltr'><strong><em>non</em></strong></span> <span class='ocrx_word' id='word_1_81' title='bbox 1093 1183 1170 1220; x_wconf 88' lang='lat' dir='ltr'><strong><em>sem-</em></strong></span> 
     </span>
     <span class='ocr_line' id='line_1_9' title="bbox 182 1251 1171 1328; baseline -0.003 -19"><span class='ocrx_word' id='word_1_82' title='bbox 182 1270 237 1328; x_wconf 87' lang='lat' dir='ltr'><strong><em>per</em></strong></span> <span class='ocrx_word' id='word_1_83' title='bbox 260 1269 348 1327; x_wconf 87' lang='lat' dir='ltr'><strong><em>neque</em></strong></span> <span class='ocrx_word' id='word_1_84' title='bbox 370 1252 501 1309; x_wconf 86' lang='lat' dir='ltr'><strong><em>omnibus</em></strong></span> <span class='ocrx_word' id='word_1_85' title='bbox 525 1252 620 1308; x_wconf 88' lang='lat' dir='ltr'><strong><em>omnia</em></strong></span> <span class='ocrx_word' id='word_1_86' title='bbox 643 1262 709 1307; x_wconf 92' lang='lat' dir='ltr'><strong><em>sunt</em></strong></span> <span class='ocrx_word' id='word_1_87' title='bbox 741 1251 874 1327; x_wconf 88' lang='lat' dir='ltr'><strong><em>dicenda,</em></strong></span> <span class='ocrx_word' id='word_1_88' title='bbox 903 1251 968 1326; x_wconf 84' lang='lat' dir='ltr'><strong><em>quia</em></strong></span> <span class='ocrx_word' id='word_1_89' title='bbox 988 1253 1171 1327; x_wconf 80' lang='lat' dir='ltr'><strong><em>frequenter</em></strong></span> 
     </span>
     <span class='ocr_line' id='line_1_10' title="bbox 15 1331 1170 1430; baseline 0.001 -36"><span class='ocrx_word' id='word_1_90' title='bbox 15 1331 143 1430; x_wconf 48' lang='grc' dir='ltr'><strong><em>3ιῇζὲξο</em></strong></span> <span class='ocrx_word' id='word_1_91' title='bbox 184 1340 234 1394; x_wconf 91' lang='lat' dir='ltr'><strong><em>illa</em></strong></span> <span class='ocrx_word' id='word_1_92' title='bbox 257 1356 310 1415; x_wconf 80' lang='lat' dir='ltr'><strong><em>que</em></strong></span> <span class='ocrx_word' id='word_1_93' title='bbox 333 1340 408 1416; x_wconf 83' lang='lat' dir='ltr'><strong><em>alios</em></strong></span> <span class='ocrx_word' id='word_1_94' title='bbox 430 1340 577 1416; x_wconf 85' lang='lat' dir='ltr'><strong><em>edificant,</em></strong></span> <span class='ocrx_word' id='word_1_95' title='bbox 606 1339 680 1395; x_wconf 89' lang='lat' dir='ltr'><strong><em>alios</em></strong></span> <span class='ocrx_word' id='word_1_96' title='bbox 704 1340 874 1407; x_wconf 90' lang='lat' dir='ltr'><strong><em>destruunt,·</em></strong></span> <span class='ocrx_word' id='word_1_97' title='bbox 911 1339 984 1395; x_wconf 89' lang='lat' dir='ltr'><strong><em>sicut</em></strong></span> <span class='ocrx_word' id='word_1_98' title='bbox 1007 1339 1170 1413; x_wconf 85' lang='lat' dir='ltr'><strong><em>infantibus</em></strong></span> 
     </span>
     <span class='ocr_line' id='line_1_11' title="bbox 1 1426 1217 1502; baseline 0.001 -23"><span class='ocrx_word' id='word_1_99' title='bbox 1 1437 109 1498; x_wconf 64' lang='lat' dir='ltr'><strong><em>tiscourse</em></strong></span> <span class='ocrx_word' id='word_1_100' title='bbox 123 1446 147 1482; x_wconf 87' lang='grc' dir='ltr'><strong><em>ιο</em></strong></span> <span class='ocrx_word' id='word_1_101' title='bbox 183 1444 247 1484; x_wconf 88' lang='lat' dir='ltr'><strong><em>esca</em></strong></span> <span class='ocrx_word' id='word_1_102' title='bbox 271 1439 402 1482; x_wconf 88' lang='lat' dir='ltr'><strong><em>mutatur</em></strong></span> <span class='ocrx_word' id='word_1_103' title='bbox 435 1427 591 1483; x_wconf 90' lang='lat' dir='ltr'><strong><em>secundum</em></strong></span> <span class='ocrx_word' id='word_1_104' title='bbox 616 1436 730 1496; x_wconf 92' lang='lat' dir='ltr'><strong><em>etatem,</em></strong></span> <span class='ocrx_word' id='word_1_105' title='bbox 766 1427 807 1482; x_wconf 90' lang='lat' dir='ltr'><strong><em>sic</em></strong></span> <span class='ocrx_word' id='word_1_106' title='bbox 830 1426 857 1480; x_wconf 88' lang='lat' dir='ltr'><strong><em>in</em></strong></span> <span class='ocrx_word' id='word_1_107' title='bbox 877 1426 988 1502; x_wconf 89' lang='lat' dir='ltr'><strong><em>populo</em></strong></span> <span class='ocrx_word' id='word_1_108' title='bbox 1010 1427 1169 1482; x_wconf 90' lang='lat' dir='ltr'><strong><em>secundum</em></strong></span> <span class='ocrx_word' id='word_1_109' title='bbox 1187 1449 1217 1481; x_wconf 90' lang='lat'><strong><em>10</em></strong></span> 
     </span>
     <span class='ocr_line' id='line_1_12' title="bbox 1 1490 1171 1591; baseline -0.001 -21"><span class='ocrx_word' id='word_1_110' title='bbox 1 1490 37 1533; x_wconf 60' lang='lat'><strong><em>&#39;¹¹⁵</em></strong></span> <span class='ocrx_word' id='word_1_111' title='bbox 52 1490 139 1535; x_wconf 57' lang='lat' dir='ltr'><strong><em>hm·</em></strong></span> <span class='ocrx_word' id='word_1_112' title='bbox 184 1515 317 1570; x_wconf 86' lang='lat' dir='ltr'><strong><em>virtutem</em></strong></span> <span class='ocrx_word' id='word_1_113' title='bbox 342 1514 476 1570; x_wconf 87' lang='lat' dir='ltr'><strong><em>doctrina</em></strong></span> <span class='ocrx_word' id='word_1_114' title='bbox 499 1524 680 1590; x_wconf 90' lang='lat' dir='ltr'><strong><em>temperatur</em></strong></span> <span class='ocrx_word' id='word_1_115' title='bbox 709 1523 840 1569; x_wconf 89' lang='lat' dir='ltr'><strong><em>monente</em></strong></span> <span class='ocrx_word' id='word_1_116' title='bbox 868 1512 1022 1589; x_wconf 84' lang='lat' dir='ltr'><strong><em>Apostolo:</em></strong></span> <span class='ocrx_word' id='word_1_117' title='bbox 1045 1513 1086 1569; x_wconf 87' lang='lat' dir='ltr'><strong><em>Et</em></strong></span> <span class='ocrx_word' id='word_1_118' title='bbox 1114 1531 1171 1591; x_wconf 80' lang='lat' dir='ltr'><strong><em>ego</em></strong></span> 
     </span>
     <span class='ocr_line' id='line_1_13' title="bbox 182 1599 1173 1678; baseline 0.001 -23"><span class='ocrx_word' id='word_1_119' title='bbox 182 1603 304 1676; x_wconf 78' lang='lat' dir='ltr'><strong><em>fratres</em></strong></span> <span class='ocrx_word' id='word_1_120' title='bbox 341 1620 396 1658; x_wconf 92' lang='lat' dir='ltr'><strong><em>non</em></strong></span> <span class='ocrx_word' id='word_1_121' title='bbox 430 1601 515 1678; x_wconf 89' lang='lat' dir='ltr'><strong><em>potui</em></strong></span> <span class='ocrx_word' id='word_1_122' title='bbox 551 1601 630 1657; x_wconf 82' lang='lat' dir='ltr'><strong><em>uobis</em></strong></span> <span class='ocrx_word' id='word_1_123' title='bbox 662 1601 741 1675; x_wconf 82' lang='lat' dir='ltr'><strong><em>loqui</em></strong></span> <span class='ocrx_word' id='word_1_124' title='bbox 773 1599 856 1675; x_wconf 83' lang='lat' dir='ltr'><strong><em>quasi</em></strong></span> <span class='ocrx_word' id='word_1_125' title='bbox 885 1600 1087 1676; x_wconf 79' lang='lat' dir='ltr'><strong><em>spiritualibus</em></strong></span> <span class='ocrx_word' id='word_1_126' title='bbox 1119 1601 1173 1656; x_wconf 90' lang='lat' dir='ltr'><strong><em>sed</em></strong></span> 
     </span>
     <span class='ocr_line' id='line_1_14' title="bbox 183 1687 1171 1764; baseline 0 -21"><span class='ocrx_word' id='word_1_127' title='bbox 183 1688 266 1764; x_wconf 80' lang='lat' dir='ltr'><strong><em>quasi</em></strong></span> <span class='ocrx_word' id='word_1_128' title='bbox 288 1689 463 1758; x_wconf 82' lang='lat' dir='ltr'><strong><em>carnalibus,</em></strong></span> <span class='ocrx_word' id='word_1_129' title='bbox 487 1689 572 1764; x_wconf 86' lang='lat' dir='ltr'><strong><em>quasi</em></strong></span> <span class='ocrx_word' id='word_1_130' title='bbox 590 1688 726 1763; x_wconf 80' lang='lat' dir='ltr'><strong><em>parvulis</em></strong></span> <span class='ocrx_word' id='word_1_131' title='bbox 750 1688 777 1742; x_wconf 91' lang='lat' dir='ltr'><strong><em>in</em></strong></span> <span class='ocrx_word' id='word_1_132' title='bbox 805 1687 923 1743; x_wconf 80' lang='lat' dir='ltr'><strong><em>Christo</em></strong></span> <span class='ocrx_word' id='word_1_133' title='bbox 947 1687 994 1743; x_wconf 90' lang='lat' dir='ltr'><strong><em>lac</em></strong></span> <span class='ocrx_word' id='word_1_134' title='bbox 1018 1688 1097 1744; x_wconf 81' lang='lat' dir='ltr'><strong><em>uobis</em></strong></span> <span class='ocrx_word' id='word_1_135' title='bbox 1117 1706 1171 1764; x_wconf 87' lang='lat' dir='ltr'><strong><em>po-</em></strong></span> 
     </span>
     <span class='ocr_line' id='line_1_15' title="bbox 184 1775 1170 1851; baseline -0.001 -20"><span class='ocrx_word' id='word_1_136' title='bbox 184 1787 244 1831; x_wconf 90' lang='lat' dir='ltr'><strong><em>tum</em></strong></span> <span class='ocrx_word' id='word_1_137' title='bbox 269 1776 344 1847; x_wconf 88' lang='lat' dir='ltr'><strong><em>dedi,</em></strong></span> <span class='ocrx_word' id='word_1_138' title='bbox 369 1794 424 1831; x_wconf 92' lang='lat' dir='ltr'><strong><em>non</em></strong></span> <span class='ocrx_word' id='word_1_139' title='bbox 448 1794 561 1844; x_wconf 89' lang='lat' dir='ltr'><strong><em>escam;</em></strong></span> <span class='ocrx_word' id='word_1_140' title='bbox 588 1776 616 1830; x_wconf 89' lang='lat' dir='ltr'><strong><em>in</em></strong></span> <span class='ocrx_word' id='word_1_141' title='bbox 640 1785 771 1851; x_wconf 89' lang='lat' dir='ltr'><strong><em>tempore</em></strong></span> <span class='ocrx_word' id='word_1_142' title='bbox 798 1793 832 1830; x_wconf 91' lang='lat' dir='ltr'><strong><em>ne</em></strong></span> <span class='ocrx_word' id='word_1_143' title='bbox 855 1775 1048 1851; x_wconf 80' lang='lat' dir='ltr'><strong><em>inopportune</em></strong></span> <span class='ocrx_word' id='word_1_144' title='bbox 1071 1775 1170 1830; x_wconf 87' lang='lat' dir='ltr'><strong><em>oblata</em></strong></span> 
     </span>
     <span class='ocr_line' id='line_1_16' title="bbox 185 1862 1216 1939; baseline -0.001 -21"><span class='ocrx_word' id='word_1_145' title='bbox 185 1862 317 1919; x_wconf 87' lang='lat' dir='ltr'><strong><em>doctrina</em></strong></span> <span class='ocrx_word' id='word_1_146' title='bbox 343 1882 397 1919; x_wconf 93' lang='lat' dir='ltr'><strong><em>non</em></strong></span> <span class='ocrx_word' id='word_1_147' title='bbox 419 1864 515 1939; x_wconf 80' lang='lat' dir='ltr'><strong><em>prosit</em></strong></span> <span class='ocrx_word' id='word_1_148' title='bbox 547 1863 599 1919; x_wconf 90' lang='lat' dir='ltr'><strong><em>sed</em></strong></span> <span class='ocrx_word' id='word_1_149' title='bbox 622 1874 733 1935; x_wconf 88' lang='lat' dir='ltr'><strong><em>noceat,</em></strong></span> <span class='ocrx_word' id='word_1_150' title='bbox 762 1862 835 1918; x_wconf 89' lang='lat' dir='ltr'><strong><em>sicut</em></strong></span> <span class='ocrx_word' id='word_1_151' title='bbox 858 1880 922 1917; x_wconf 88' lang='lat' dir='ltr'><strong><em>esca</em></strong></span> <span class='ocrx_word' id='word_1_152' title='bbox 947 1863 1099 1918; x_wconf 87' lang='lat' dir='ltr'><strong><em>contraria</em></strong></span> <span class='ocrx_word' id='word_1_153' title='bbox 1122 1867 1216 1917; x_wconf 74' lang='lat' dir='ltr'><strong><em>antii</em></strong></span> 
     </span>
     <span class='ocr_line' id='line_1_17' title="bbox 184 1960 559 2026; baseline -0.005 -19"><span class='ocrx_word' id='word_1_154' title='bbox 184 1960 271 2007; x_wconf 83' lang='lat' dir='ltr'><strong><em>extra</em></strong></span> <span class='ocrx_word' id='word_1_155' title='bbox 295 1960 408 2026; x_wconf 88' lang='lat' dir='ltr'><strong><em>tempus</em></strong></span> <span class='ocrx_word' id='word_1_156' title='bbox 431 1961 559 2026; x_wconf 85' lang='lat' dir='ltr'><strong><em>accepta.</em></strong></span> 
     </span>
     <span class='ocr_line' id='line_1_18' title="bbox 14 2036 1171 2117; baseline 0.003 -29"><span class='ocrx_word' id='word_1_157' title='bbox 14 2052 115 2106; x_wconf 73' lang='lat' dir='ltr'><strong><em>reatness</em></strong></span> <span class='ocrx_word' id='word_1_158' title='bbox 130 2047 161 2117; x_wconf 62' lang='lat' dir='ltr'><strong><em>of¹</em></strong></span> <span class='ocrx_word' id='word_1_159' title='bbox 228 2036 329 2093; x_wconf 80' lang='lat' dir='ltr'><strong><em>‘Amen</em></strong></span> <span class='ocrx_word' id='word_1_160' title='bbox 354 2037 418 2094; x_wconf 89' lang='lat' dir='ltr'><strong><em>dico</em></strong></span> <span class='ocrx_word' id='word_1_161' title='bbox 442 2037 531 2109; x_wconf 83' lang='lat' dir='ltr'><strong><em>uobis,</em></strong></span> <span class='ocrx_word' id='word_1_162' title='bbox 556 2036 689 2111; x_wconf 87' lang='lat' dir='ltr'><strong><em>qnoniam</em></strong></span> <span class='ocrx_word' id='word_1_163' title='bbox 706 2054 795 2112; x_wconf 89' lang='lat' dir='ltr'><strong><em>super</em></strong></span> <span class='ocrx_word' id='word_1_164' title='bbox 818 2036 913 2092; x_wconf 89' lang='lat' dir='ltr'><strong><em>omnia</em></strong></span> <span class='ocrx_word' id='word_1_165' title='bbox 930 2036 1003 2092; x_wconf 84' lang='lat' dir='ltr'><strong><em>bona</em></strong></span> <span class='ocrx_word' id='word_1_166' title='bbox 1027 2055 1080 2092; x_wconf 93' lang='lat' dir='ltr'><strong><em>sua</em></strong></span> <span class='ocrx_word' id='word_1_167' title='bbox 1105 2056 1171 2093; x_wconf 91' lang='lat' dir='ltr'><strong><em>con-</em></strong></span> 
     </span>
     <span class='ocr_line' id='line_1_19' title="bbox 21 2105 1173 2207; baseline -0.003 -25"><span class='ocrx_word' id='word_1_168' title='bbox 21 2105 282 2207; x_wconf 52' lang='lat' dir='ltr'><strong><em>iiiiiiimfflluel</em></strong></span> <span class='ocrx_word' id='word_1_169' title='bbox 304 2127 390 2180; x_wconf 87' lang='lat' dir='ltr'><strong><em>eum.&#39;</em></strong></span> <span class='ocrx_word' id='word_1_170' title='bbox 419 2124 553 2181; x_wconf 89' lang='lat' dir='ltr'><strong><em>Omnium</em></strong></span> <span class='ocrx_word' id='word_1_171' title='bbox 570 2123 684 2199; x_wconf 81' lang='lat' dir='ltr'><strong><em>quidem</em></strong></span> <span class='ocrx_word' id='word_1_172' title='bbox 701 2124 841 2179; x_wconf 84' lang='lat' dir='ltr'><strong><em>bonorum</em></strong></span> <span class='ocrx_word' id='word_1_173' title='bbox 867 2142 975 2201; x_wconf 80' lang='lat' dir='ltr'><strong><em>magno</em></strong></span> <span class='ocrx_word' id='word_1_174' title='bbox 991 2133 1033 2179; x_wconf 87' lang='lat' dir='ltr'><strong><em>est</em></strong></span> <span class='ocrx_word' id='word_1_175' title='bbox 1055 2125 1173 2201; x_wconf 82' lang='lat' dir='ltr'><strong><em>gracia,</em></strong></span> 
     </span>
     <span class='ocr_line' id='line_1_20' title="bbox 186 2210 1174 2289; baseline -0.002 -22"><span class='ocrx_word' id='word_1_176' title='bbox 186 2212 261 2268; x_wconf 89' lang='lat' dir='ltr'><strong><em>inter</em></strong></span> <span class='ocrx_word' id='word_1_177' title='bbox 284 2230 382 2268; x_wconf 88' lang='lat' dir='ltr'><strong><em>omnes</em></strong></span> <span class='ocrx_word' id='word_1_178' title='bbox 397 2223 491 2268; x_wconf 90' lang='lat' dir='ltr'><strong><em>status</em></strong></span> <span class='ocrx_word' id='word_1_179' title='bbox 512 2210 654 2268; x_wconf 87' lang='lat' dir='ltr'><strong><em>uiancium</em></strong></span> <span class='ocrx_word' id='word_1_180' title='bbox 679 2211 810 2266; x_wconf 88' lang='lat' dir='ltr'><strong><em>maxima</em></strong></span> <span class='ocrx_word' id='word_1_181' title='bbox 834 2221 875 2266; x_wconf 91' lang='lat' dir='ltr'><strong><em>est</em></strong></span> <span class='ocrx_word' id='word_1_182' title='bbox 890 2211 1084 2267; x_wconf 88' lang='lat' dir='ltr'><strong><em>sacerdotalis</em></strong></span> <span class='ocrx_word' id='word_1_183' title='bbox 1108 2211 1174 2289; x_wconf 83' lang='lat' dir='ltr'><strong><em>dig-</em></strong></span> 
     </span>
     <span class='ocr_line' id='line_1_21' title="bbox 186 2298 1220 2375; baseline -0.005 -21"><span class='ocrx_word' id='word_1_184' title='bbox 186 2298 271 2370; x_wconf 89' lang='lat' dir='ltr'><strong><em>nitas,</em></strong></span> <span class='ocrx_word' id='word_1_185' title='bbox 303 2299 331 2356; x_wconf 91' lang='lat' dir='ltr'><strong><em>si</em></strong></span> <span class='ocrx_word' id='word_1_186' title='bbox 358 2300 422 2375; x_wconf 81' lang='lat' dir='ltr'><strong><em>quis</em></strong></span> <span class='ocrx_word' id='word_1_187' title='bbox 445 2317 506 2354; x_wconf 88' lang='lat' dir='ltr'><strong><em>eam</em></strong></span> <span class='ocrx_word' id='word_1_188' title='bbox 532 2298 717 2354; x_wconf 89' lang='lat' dir='ltr'><strong><em>immaculate</em></strong></span> <span class='ocrx_word' id='word_1_189' title='bbox 743 2299 895 2354; x_wconf 87' lang='lat' dir='ltr'><strong><em>custodiat.</em></strong></span> <span class='ocrx_word' id='word_1_190' title='bbox 937 2298 1014 2352; x_wconf 92' lang='lat' dir='ltr'><strong><em>Nam</em></strong></span> <span class='ocrx_word' id='word_1_191' title='bbox 1038 2298 1064 2353; x_wconf 93' lang='lat' dir='ltr'><strong><em>si</em></strong></span> <span class='ocrx_word' id='word_1_192' title='bbox 1084 2316 1220 2374; x_wconf 73' lang='lat' dir='ltr'><strong><em>superno</em></strong></span> 
     </span>
     <span class='ocr_line' id='line_1_22' title="bbox 186 2384 1173 2462; baseline -0.001 -20"><span class='ocrx_word' id='word_1_193' title='bbox 186 2386 281 2442; x_wconf 87' lang='lat' dir='ltr'><strong><em>omnia</em></strong></span> <span class='ocrx_word' id='word_1_194' title='bbox 305 2405 396 2462; x_wconf 90' lang='lat' dir='ltr'><strong><em>opera</em></strong></span> <span class='ocrx_word' id='word_1_195' title='bbox 418 2405 471 2442; x_wconf 90' lang='lat' dir='ltr'><strong><em>sua</em></strong></span> <span class='ocrx_word' id='word_1_196' title='bbox 491 2386 689 2461; x_wconf 90' lang='lat' dir='ltr'><strong><em>preciosiores</em></strong></span> <span class='ocrx_word' id='word_1_197' title='bbox 712 2385 860 2441; x_wconf 84' lang='lat' dir='ltr'><strong><em>existimat</em></strong></span> <span class='ocrx_word' id='word_1_198' title='bbox 882 2385 964 2441; x_wconf 90' lang='lat' dir='ltr'><strong><em>Deus</em></strong></span> <span class='ocrx_word' id='word_1_199' title='bbox 986 2384 1100 2441; x_wconf 87' lang='lat' dir='ltr'><strong><em>animas</em></strong></span> <span class='ocrx_word' id='word_1_200' title='bbox 1124 2385 1173 2441; x_wconf 83' lang='lat' dir='ltr'><strong><em>lto-</em></strong></span> 
     </span>
     <span class='ocr_line' id='line_1_23' title="bbox 186 2471 1173 2550; baseline -0.001 -22"><span class='ocrx_word' id='word_1_201' title='bbox 186 2473 312 2529; x_wconf 91' lang='lat' dir='ltr'><strong><em>minum:</em></strong></span> <span class='ocrx_word' id='word_1_202' title='bbox 335 2485 441 2549; x_wconf 81' lang='lat' dir='ltr'><strong><em>quanto</em></strong></span> <span class='ocrx_word' id='word_1_203' title='bbox 465 2473 562 2550; x_wconf 81' lang='lat' dir='ltr'><strong><em>magis</em></strong></span> <span class='ocrx_word' id='word_1_204' title='bbox 585 2471 724 2528; x_wconf 84' lang='lat' dir='ltr'><strong><em>credibile</em></strong></span> <span class='ocrx_word' id='word_1_205' title='bbox 747 2483 788 2528; x_wconf 92' lang='lat' dir='ltr'><strong><em>est</em></strong></span> <span class='ocrx_word' id='word_1_206' title='bbox 813 2483 842 2526; x_wconf 91' lang='lat' dir='ltr'><strong><em>ut</em></strong></span> <span class='ocrx_word' id='word_1_207' title='bbox 865 2490 956 2547; x_wconf 89' lang='lat' dir='ltr'><strong><em>super</em></strong></span> <span class='ocrx_word' id='word_1_208' title='bbox 979 2471 1075 2527; x_wconf 87' lang='lat' dir='ltr'><strong><em>omnio</em></strong></span> <span class='ocrx_word' id='word_1_209' title='bbox 1099 2473 1173 2527; x_wconf 85' lang='lat' dir='ltr'><strong><em>bona</em></strong></span> 
     </span>
     <span class='ocr_line' id='line_1_24' title="bbox 185 2559 1173 2637; baseline -0.001 -21"><span class='ocrx_word' id='word_1_210' title='bbox 185 2579 237 2616; x_wconf 91' lang='lat' dir='ltr'><strong><em>sua</em></strong></span> <span class='ocrx_word' id='word_1_211' title='bbox 261 2562 298 2617; x_wconf 88' lang='lat' dir='ltr'><strong><em>sit</em></strong></span> <span class='ocrx_word' id='word_1_212' title='bbox 320 2562 371 2637; x_wconf 80' lang='lat' dir='ltr'><strong><em>qui</em></strong></span> <span class='ocrx_word' id='word_1_213' title='bbox 392 2561 509 2635; x_wconf 78' lang='lat' dir='ltr'><strong><em>confert</em></strong></span> <span class='ocrx_word' id='word_1_214' title='bbox 537 2559 601 2615; x_wconf 92' lang='lat' dir='ltr'><strong><em>Deo</em></strong></span> <span class='ocrx_word' id='word_1_215' title='bbox 630 2559 744 2614; x_wconf 87' lang='lat' dir='ltr'><strong><em>lucrum</em></strong></span> <span class='ocrx_word' id='word_1_216' title='bbox 769 2559 958 2614; x_wconf 82' lang='lat' dir='ltr'><strong><em>animarum?</em></strong></span> <span class='ocrx_word' id='word_1_217' title='bbox 990 2559 1056 2614; x_wconf 91' lang='lat' dir='ltr'><strong><em>Non</em></strong></span> <span class='ocrx_word' id='word_1_218' title='bbox 1078 2560 1173 2615; x_wconf 91' lang='lat' dir='ltr'><strong><em>solum</em></strong></span> 
     </span>
     <span class='ocr_line' id='line_1_25' title="bbox 185 2645 1175 2704; baseline -0.002 0"><span class='ocrx_word' id='word_1_219' title='bbox 185 2655 282 2704; x_wconf 85' lang='lat' dir='ltr'><strong><em>autem</em></strong></span> <span class='ocrx_word' id='word_1_220' title='bbox 307 2648 439 2704; x_wconf 82' lang='lat' dir='ltr'><strong><em>omnibus</em></strong></span> <span class='ocrx_word' id='word_1_221' title='bbox 462 2647 542 2702; x_wconf 88' lang='lat' dir='ltr'><strong><em>bonis</em></strong></span> <span class='ocrx_word' id='word_1_222' title='bbox 564 2646 625 2702; x_wconf 90' lang='lat' dir='ltr'><strong><em>suis</em></strong></span> <span class='ocrx_word' id='word_1_223' title='bbox 648 2645 797 2702; x_wconf 91' lang='lat' dir='ltr'><strong><em>meliorem</em></strong></span> <span class='ocrx_word' id='word_1_224' title='bbox 822 2646 930 2702; x_wconf 87' lang='lat' dir='ltr'><strong><em>indicat</em></strong></span> <span class='ocrx_word' id='word_1_225' title='bbox 954 2646 1097 2702; x_wconf 84' lang='lat' dir='ltr'><strong><em>hominem</em></strong></span> <span class='ocrx_word' id='word_1_226' title='bbox 1122 2646 1175 2702; x_wconf 90' lang='lat' dir='ltr'><strong><em>sed</em></strong></span> 
     </span>
     <span class='ocr_line' id='line_1_26' title="bbox 186 2732 1219 2810; baseline -0.006 -18"><span class='ocrx_word' id='word_1_227' title='bbox 186 2735 277 2792; x_wconf 88' lang='lat' dir='ltr'><strong><em>eciam</em></strong></span> <span class='ocrx_word' id='word_1_228' title='bbox 301 2754 352 2792; x_wconf 89' lang='lat' dir='ltr'><strong><em>sue</em></strong></span> <span class='ocrx_word' id='word_1_229' title='bbox 375 2735 463 2810; x_wconf 87' lang='lat' dir='ltr'><strong><em>ipsius</em></strong></span> <span class='ocrx_word' id='word_1_230' title='bbox 484 2733 674 2809; x_wconf 85' lang='lat' dir='ltr'><strong><em>passibilitati</em></strong></span> <span class='ocrx_word' id='word_1_231' title='bbox 695 2733 818 2789; x_wconf 87' lang='lat' dir='ltr'><strong><em>salntem</em></strong></span> <span class='ocrx_word' id='word_1_232' title='bbox 845 2732 982 2808; x_wconf 76' lang='lat' dir='ltr'><strong><em>proponit</em></strong></span> <span class='ocrx_word' id='word_1_233' title='bbox 1005 2733 1172 2789; x_wconf 84' lang='lat' dir='ltr'><strong><em>humanam.</em></strong></span> <span class='ocrx_word' id='word_1_234' title='bbox 1186 2737 1219 2786; x_wconf 78' lang='lat'><strong><em>25</em></strong></span> 
     </span>
     <span class='ocr_line' id='line_1_27' title="bbox 187 2820 1173 2900; baseline -0.001 -24"><span class='ocrx_word' id='word_1_235' title='bbox 187 2822 255 2878; x_wconf 93' lang='lat' dir='ltr'><strong><em>Ideo</em></strong></span> <span class='ocrx_word' id='word_1_236' title='bbox 293 2840 420 2900; x_wconf 83' lang='lat' dir='ltr'><strong><em>magnus</em></strong></span> <span class='ocrx_word' id='word_1_237' title='bbox 443 2832 485 2877; x_wconf 90' lang='lat' dir='ltr'><strong><em>est</em></strong></span> <span class='ocrx_word' id='word_1_238' title='bbox 516 2820 565 2896; x_wconf 81' lang='lat' dir='ltr'><strong><em>qui</em></strong></span> <span class='ocrx_word' id='word_1_239' title='bbox 587 2820 656 2876; x_wconf 82' lang='lat' dir='ltr'><strong><em>bene</em></strong></span> <span class='ocrx_word' id='word_1_240' title='bbox 679 2821 757 2897; x_wconf 78' lang='lat' dir='ltr'><strong><em>regit</em></strong></span> <span class='ocrx_word' id='word_1_241' title='bbox 790 2820 979 2876; x_wconf 79' lang='lat' dir='ltr'><strong><em>hereditatem</em></strong></span> <span class='ocrx_word' id='word_1_242' title='bbox 1005 2821 1064 2876; x_wconf 91' lang='lat' dir='ltr'><strong><em>eius</em></strong></span> <span class='ocrx_word' id='word_1_243' title='bbox 1087 2838 1173 2895; x_wconf 81' lang='lat' dir='ltr'><strong><em>quom</em></strong></span> 
     </span>
     <span class='ocr_line' id='line_1_28' title="bbox 186 2907 987 2986; baseline 0.001 -22"><span class='ocrx_word' id='word_1_244' title='bbox 186 2909 310 2985; x_wconf 88' lang='lat' dir='ltr'><strong><em>proprio</em></strong></span> <span class='ocrx_word' id='word_1_245' title='bbox 334 2908 477 2986; x_wconf 81' lang='lat' dir='ltr'><strong><em>sanguine</em></strong></span> <span class='ocrx_word' id='word_1_246' title='bbox 500 2907 660 2982; x_wconf 77' lang='lat' dir='ltr'><strong><em>acquisivit.</em></strong></span> <span class='ocrx_word' id='word_1_247' title='bbox 686 2909 748 2963; x_wconf 88' lang='lat' dir='ltr'><strong><em>Hec</em></strong></span> <span class='ocrx_word' id='word_1_248' title='bbox 773 2907 987 2965; x_wconf 88' lang='lat' dir='ltr'><strong><em>Crisostomus.</em></strong></span> 
     </span>
     <span class='ocr_line' id='line_1_29' title="bbox 7 2992 1172 3069; baseline -0.005 -14"><span class='ocrx_word' id='word_1_249' title='bbox 7 3012 60 3043; x_wconf 63' lang='grc' dir='ltr'><strong><em>οῦκ</em></strong></span> <span class='ocrx_word' id='word_1_250' title='bbox 75 3001 160 3055; x_wconf 63' lang='lat' dir='ltr'><strong><em>priene</em></strong></span> <span class='ocrx_word' id='word_1_251' title='bbox 233 2999 274 3051; x_wconf 86' lang='lat' dir='ltr'><strong><em>Ex</em></strong></span> <span class='ocrx_word' id='word_1_252' title='bbox 298 2994 355 3052; x_wconf 91' lang='lat' dir='ltr'><strong><em>isto</em></strong></span> <span class='ocrx_word' id='word_1_253' title='bbox 379 2994 540 3052; x_wconf 90' lang='lat' dir='ltr'><strong><em>benedicto</em></strong></span> <span class='ocrx_word' id='word_1_254' title='bbox 564 3008 737 3051; x_wconf 86' lang='lat' dir='ltr'><strong><em>commento</em></strong></span> <span class='ocrx_word' id='word_1_255' title='bbox 767 2994 940 3069; x_wconf 84' lang='lat' dir='ltr'><strong><em>evangelico</em></strong></span> <span class='ocrx_word' id='word_1_256' title='bbox 964 2992 1053 3050; x_wconf 90' lang='lat' dir='ltr'><strong><em>huius</em></strong></span> <span class='ocrx_word' id='word_1_257' title='bbox 1076 2994 1172 3050; x_wconf 89' lang='lat' dir='ltr'><strong><em>sancti</em></strong></span> 
     </span>
     <span class='ocr_line' id='line_1_30' title="bbox 0 3060 1174 3157; baseline -0.01 -9"><span class='ocrx_word' id='word_1_258' title='bbox 0 3060 152 3148; x_wconf 51' lang='lat' dir='ltr'><strong><em>¹ittiiewienvii</em></strong></span> <span class='ocrx_word' id='word_1_259' title='bbox 189 3096 293 3157; x_wconf 87' lang='lat' dir='ltr'><strong><em>patent</em></strong></span> <span class='ocrx_word' id='word_1_260' title='bbox 327 3083 421 3140; x_wconf 83' lang='lat' dir='ltr'><strong><em>muita</em></strong></span> <span class='ocrx_word' id='word_1_261' title='bbox 456 3080 602 3139; x_wconf 85' lang='lat' dir='ltr'><strong><em>notabilia</em></strong></span> <span class='ocrx_word' id='word_1_262' title='bbox 627 3081 749 3155; x_wconf 89' lang='lat' dir='ltr'><strong><em>prelatis</em></strong></span> <span class='ocrx_word' id='word_1_263' title='bbox 774 3095 802 3137; x_wconf 93' lang='lat' dir='ltr'><strong><em>et</em></strong></span> <span class='ocrx_word' id='word_1_264' title='bbox 832 3081 888 3139; x_wconf 89' lang='lat' dir='ltr'><strong><em>toti</em></strong></span> <span class='ocrx_word' id='word_1_265' title='bbox 913 3080 1056 3137; x_wconf 83' lang='lat' dir='ltr'><strong><em>militanti</em></strong></span> <span class='ocrx_word' id='word_1_266' title='bbox 1080 3081 1174 3138; x_wconf 85' lang='lat' dir='ltr'><strong><em>eccle-</em></strong></span> 
     </span>
     <span class='ocr_line' id='line_1_31' title="bbox 1 3157 1220 3253; baseline -0.002 -27"><span class='ocrx_word' id='word_1_267' title='bbox 1 3157 164 3253; x_wconf 49' lang='lat' dir='ltr'><strong><em>,ffl‘ollfff&#39;o‘p</em></strong></span> <span class='ocrx_word' id='word_1_268' title='bbox 189 3168 231 3226; x_wconf 92' lang='lat' dir='ltr'><strong><em>sie</em></strong></span> <span class='ocrx_word' id='word_1_269' title='bbox 255 3171 441 3227; x_wconf 87' lang='lat' dir='ltr'><strong><em>annotanda.</em></strong></span> <span class='ocrx_word' id='word_1_270' title='bbox 467 3173 568 3227; x_wconf 89' lang='lat' dir='ltr'><strong><em>Potest</em></strong></span> <span class='ocrx_word' id='word_1_271' title='bbox 592 3168 671 3225; x_wconf 87' lang='lat' dir='ltr'><strong><em>enim</em></strong></span> <span class='ocrx_word' id='word_1_272' title='bbox 695 3187 728 3225; x_wconf 81' lang='lat' dir='ltr'><strong><em>ex</em></strong></span> <span class='ocrx_word' id='word_1_273' title='bbox 752 3168 849 3225; x_wconf 86' lang='lat' dir='ltr'><strong><em>verbis</em></strong></span> <span class='ocrx_word' id='word_1_274' title='bbox 874 3167 962 3224; x_wconf 87' lang='lat' dir='ltr'><strong><em>huius</em></strong></span> <span class='ocrx_word' id='word_1_275' title='bbox 986 3168 1083 3225; x_wconf 89' lang='lat' dir='ltr'><strong><em>sancti</em></strong></span> <span class='ocrx_word' id='word_1_276' title='bbox 1106 3187 1174 3242; x_wconf 90' lang='lat' dir='ltr'><strong><em>per·</em></strong></span> <span class='ocrx_word' id='word_1_277' title='bbox 1189 3168 1220 3218; x_wconf 83' lang='lat'><strong><em>30</em></strong></span> 
     </span>
     <span class='ocr_line' id='line_1_32' title="bbox 190 3255 1173 3332; baseline -0.003 -18"><span class='ocrx_word' id='word_1_278' title='bbox 190 3256 280 3331; x_wconf 88' lang='lat' dir='ltr'><strong><em>pendi</em></strong></span> <span class='ocrx_word' id='word_1_279' title='bbox 306 3259 462 3330; x_wconf 89' lang='lat' dir='ltr'><strong><em>quomodo</em></strong></span> <span class='ocrx_word' id='word_1_280' title='bbox 486 3255 579 3332; x_wconf 86' lang='lat' dir='ltr'><strong><em>aliqui</em></strong></span> <span class='ocrx_word' id='word_1_281' title='bbox 596 3270 666 3313; x_wconf 89' lang='lat' dir='ltr'><strong><em>sunt</em></strong></span> <span class='ocrx_word' id='word_1_282' title='bbox 690 3255 797 3330; x_wconf 87' lang='lat' dir='ltr'><strong><em>prelati</em></strong></span> <span class='ocrx_word' id='word_1_283' title='bbox 822 3270 850 3313; x_wconf 91' lang='lat' dir='ltr'><strong><em>et</em></strong></span> <span class='ocrx_word' id='word_1_284' title='bbox 868 3257 1041 3313; x_wconf 86' lang='lat' dir='ltr'><strong><em>sacerdotes</em></strong></span> <span class='ocrx_word' id='word_1_285' title='bbox 1066 3255 1173 3313; x_wconf 87' lang='lat' dir='ltr'><strong><em>cesarii</em></strong></span> 
     </span>
     <span class='ocr_line' id='line_1_33' title="bbox 191 3342 1173 3419; baseline -0.002 -18"><span class='ocrx_word' id='word_1_286' title='bbox 191 3343 243 3419; x_wconf 90' lang='lat' dir='ltr'><strong><em>qui</em></strong></span> <span class='ocrx_word' id='word_1_287' title='bbox 268 3357 394 3419; x_wconf 89' lang='lat' dir='ltr'><strong><em>possunt</em></strong></span> <span class='ocrx_word' id='word_1_288' title='bbox 418 3345 519 3402; x_wconf 85' lang='lat' dir='ltr'><strong><em>vocari</em></strong></span> <span class='ocrx_word' id='word_1_289' title='bbox 537 3343 683 3418; x_wconf 87' lang='lat' dir='ltr'><strong><em>prepositi</em></strong></span> <span class='ocrx_word' id='word_1_290' title='bbox 708 3357 736 3399; x_wconf 90' lang='lat' dir='ltr'><strong><em>et</em></strong></span> <span class='ocrx_word' id='word_1_291' title='bbox 754 3343 831 3400; x_wconf 80' lang='lat' dir='ltr'><strong><em>servi</em></strong></span> <span class='ocrx_word' id='word_1_292' title='bbox 849 3342 961 3400; x_wconf 89' lang='lat' dir='ltr'><strong><em>diaboli</em></strong></span> <span class='ocrx_word' id='word_1_293' title='bbox 979 3342 1039 3399; x_wconf 88' lang='lat' dir='ltr'><strong><em>sive</em></strong></span> <span class='ocrx_word' id='word_1_294' title='bbox 1057 3343 1173 3414; x_wconf 86' lang='lat' dir='ltr'><strong><em>mundi,</em></strong></span> 
     </span>
     <span class='ocr_line' id='line_1_34' title="bbox 190 3429 1173 3489; baseline -0.002 0"><span class='ocrx_word' id='word_1_295' title='bbox 190 3431 241 3489; x_wconf 89' lang='lat' dir='ltr'><strong><em>alii</em></strong></span> <span class='ocrx_word' id='word_1_296' title='bbox 257 3445 358 3489; x_wconf 86' lang='lat' dir='ltr'><strong><em>autern</em></strong></span> <span class='ocrx_word' id='word_1_297' title='bbox 377 3445 446 3488; x_wconf 87' lang='lat' dir='ltr'><strong><em>sunt</em></strong></span> <span class='ocrx_word' id='word_1_298' title='bbox 463 3431 540 3488; x_wconf 86' lang='lat' dir='ltr'><strong><em>servi</em></strong></span> <span class='ocrx_word' id='word_1_299' title='bbox 557 3430 612 3487; x_wconf 91' lang='lat' dir='ltr'><strong><em>Dei</em></strong></span> <span class='ocrx_word' id='word_1_300' title='bbox 630 3443 659 3486; x_wconf 92' lang='lat' dir='ltr'><strong><em>et</em></strong></span> <span class='ocrx_word' id='word_1_301' title='bbox 676 3429 805 3487; x_wconf 86' lang='lat' dir='ltr'><strong><em>ministri</em></strong></span> <span class='ocrx_word' id='word_1_302' title='bbox 830 3445 933 3487; x_wconf 86' lang='lat' dir='ltr'><strong><em>sancte</em></strong></span> <span class='ocrx_word' id='word_1_303' title='bbox 951 3429 1056 3487; x_wconf 86' lang='lat' dir='ltr'><strong><em>matris</em></strong></span> <span class='ocrx_word' id='word_1_304' title='bbox 1080 3430 1173 3487; x_wconf 85' lang='lat' dir='ltr'><strong><em>eccle-</em></strong></span> 
     </span>
     <span class='ocr_line' id='line_1_35' title="bbox 191 3517 1174 3594; baseline -0.002 -19"><span class='ocrx_word' id='word_1_305' title='bbox 191 3519 243 3577; x_wconf 87' lang='lat' dir='ltr'><strong><em>sie.</em></strong></span> <span class='ocrx_word' id='word_1_306' title='bbox 269 3518 314 3576; x_wconf 89' lang='lat' dir='ltr'><strong><em>llli</em></strong></span> <span class='ocrx_word' id='word_1_307' title='bbox 338 3533 438 3575; x_wconf 86' lang='lat' dir='ltr'><strong><em>autern</em></strong></span> <span class='ocrx_word' id='word_1_308' title='bbox 464 3518 515 3594; x_wconf 88' lang='lat' dir='ltr'><strong><em>qui</em></strong></span> <span class='ocrx_word' id='word_1_309' title='bbox 540 3519 655 3574; x_wconf 88' lang='lat' dir='ltr'><strong><em>intrant</em></strong></span> <span class='ocrx_word' id='word_1_310' title='bbox 672 3517 841 3589; x_wconf 85' lang='lat' dir='ltr'><strong><em>ecclesiam,</em></strong></span> <span class='ocrx_word' id='word_1_311' title='bbox 866 3532 898 3574; x_wconf 89' lang='lat' dir='ltr'><strong><em>ut</em></strong></span> <span class='ocrx_word' id='word_1_312' title='bbox 922 3530 1087 3591; x_wconf 86' lang='lat' dir='ltr'><strong><em>pascantur</em></strong></span> <span class='ocrx_word' id='word_1_313' title='bbox 1110 3518 1174 3574; x_wconf 86' lang='lat' dir='ltr'><strong><em>lau-</em></strong></span> 
     </span>
     <span class='ocr_line' id='line_1_36' title="bbox 191 3604 1218 3682; baseline -0.004 -18"><span class='ocrx_word' id='word_1_314' title='bbox 191 3606 254 3664; x_wconf 90' lang='lat' dir='ltr'><strong><em>cius</em></strong></span> <span class='ocrx_word' id='word_1_315' title='bbox 270 3608 372 3682; x_wconf 88' lang='lat' dir='ltr'><strong><em>quoad</em></strong></span> <span class='ocrx_word' id='word_1_316' title='bbox 394 3624 528 3675; x_wconf 85' lang='lat' dir='ltr'><strong><em>carnem,</em></strong></span> <span class='ocrx_word' id='word_1_317' title='bbox 553 3620 585 3661; x_wconf 89' lang='lat' dir='ltr'><strong><em>ut</em></strong></span> <span class='ocrx_word' id='word_1_318' title='bbox 602 3607 702 3661; x_wconf 86' lang='lat' dir='ltr'><strong><em>vivant</em></strong></span> <span class='ocrx_word' id='word_1_319' title='bbox 719 3604 880 3679; x_wconf 86' lang='lat' dir='ltr'><strong><em>gloriosius</em></strong></span> <span class='ocrx_word' id='word_1_320' title='bbox 897 3607 998 3680; x_wconf 88' lang='lat' dir='ltr'><strong><em>quoad</em></strong></span> <span class='ocrx_word' id='word_1_321' title='bbox 1016 3606 1174 3675; x_wconf 85' lang='lat' dir='ltr'><strong><em>mundum,</em></strong></span> <span class='ocrx_word' id='word_1_322' title='bbox 1187 3619 1218 3668; x_wconf 75' lang='lat'><strong><em>35</em></strong></span> 
     </span>
     <span class='ocr_line' id='line_1_37' title="bbox 190 3690 1175 3766; baseline -0.002 -16"><span class='ocrx_word' id='word_1_323' title='bbox 190 3707 220 3750; x_wconf 88' lang='lat' dir='ltr'><strong><em>et</em></strong></span> <span class='ocrx_word' id='word_1_324' title='bbox 251 3709 283 3752; x_wconf 91' lang='lat' dir='ltr'><strong><em>ut</em></strong></span> <span class='ocrx_word' id='word_1_325' title='bbox 315 3692 441 3750; x_wconf 89' lang='lat' dir='ltr'><strong><em>dimissa</em></strong></span> <span class='ocrx_word' id='word_1_326' title='bbox 465 3692 576 3750; x_wconf 85' lang='lat' dir='ltr'><strong><em>Christi</em></strong></span> <span class='ocrx_word' id='word_1_327' title='bbox 601 3692 704 3766; x_wconf 85' lang='lat' dir='ltr'><strong><em>regula</em></strong></span> <span class='ocrx_word' id='word_1_328' title='bbox 738 3694 866 3766; x_wconf 87' lang='lat' dir='ltr'><strong><em>perdant</em></strong></span> <span class='ocrx_word' id='word_1_329' title='bbox 891 3690 1088 3749; x_wconf 85' lang='lat' dir='ltr'><strong><em>effectualiter</em></strong></span> <span class='ocrx_word' id='word_1_330' title='bbox 1112 3692 1175 3749; x_wconf 92' lang='lat' dir='ltr'><strong><em>ani-</em></strong></span> 
     </span>
     <span class='ocr_line' id='line_1_38' title="bbox 191 3778 1173 3854; baseline -0.003 -16"><span class='ocrx_word' id='word_1_331' title='bbox 191 3800 254 3840; x_wconf 88' lang='lat' dir='ltr'><strong><em>mas</em></strong></span> <span class='ocrx_word' id='word_1_332' title='bbox 279 3780 483 3852; x_wconf 86' lang='lat' dir='ltr'><strong><em>subditorum,</em></strong></span> <span class='ocrx_word' id='word_1_333' title='bbox 521 3779 578 3854; x_wconf 91' lang='lat' dir='ltr'><strong><em>ipsi</em></strong></span> <span class='ocrx_word' id='word_1_334' title='bbox 612 3779 734 3836; x_wconf 91' lang='lat' dir='ltr'><strong><em>indubie</em></strong></span> <span class='ocrx_word' id='word_1_335' title='bbox 768 3793 838 3836; x_wconf 90' lang='lat' dir='ltr'><strong><em>sunt</em></strong></span> <span class='ocrx_word' id='word_1_336' title='bbox 862 3781 1035 3837; x_wconf 88' lang='lat' dir='ltr'><strong><em>sacerdotes</em></strong></span> <span class='ocrx_word' id='word_1_337' title='bbox 1060 3778 1173 3836; x_wconf 89' lang='lat' dir='ltr'><strong><em>diaboli</em></strong></span> 
     </span>
    </p>
   </div>
   <div class='ocr_carea' id='block_1_3' title="bbox 191 3866 1176 3944">
    <p class='ocr_par' dir='ltr' id='par_1_3' title="bbox 191 3866 1176 3944">
     <span class='ocr_line' id='line_1_39' title="bbox 191 3866 1176 3944; baseline -0.002 -19"><span class='ocrx_word' id='word_1_338' title='bbox 191 3881 220 3926; x_wconf 87' lang='lat' dir='ltr'><strong><em>et</em></strong></span> <span class='ocrx_word' id='word_1_339' title='bbox 243 3866 384 3944; x_wconf 89' lang='lat' dir='ltr'><strong><em>discipuli</em></strong></span> <span class='ocrx_word' id='word_1_340' title='bbox 407 3866 594 3925; x_wconf 85' lang='lat' dir='ltr'><strong><em>Antichristi.</em></strong></span> <span class='ocrx_word' id='word_1_341' title='bbox 633 3866 693 3923; x_wconf 84' lang='lat' dir='ltr'><strong><em>Alii</em></strong></span> <span class='ocrx_word' id='word_1_342' title='bbox 717 3879 818 3923; x_wconf 89' lang='lat' dir='ltr'><strong><em>autem</em></strong></span> <span class='ocrx_word' id='word_1_343' title='bbox 844 3866 895 3941; x_wconf 90' lang='lat' dir='ltr'><strong><em>qui</em></strong></span> <span class='ocrx_word' id='word_1_344' title='bbox 919 3866 1099 3942; x_wconf 84' lang='lat' dir='ltr'><strong><em>gradiuntur</em></strong></span> <span class='ocrx_word' id='word_1_345' title='bbox 1122 3885 1176 3942; x_wconf 91' lang='lat' dir='ltr'><strong><em>per</em></strong></span> 
     </span>
    </p>
   </div>
   <div class='ocr_carea' id='block_1_4' title="bbox 189 4163 1176 4317">
    <p class='ocr_par' dir='ltr' id='par_1_4' title="bbox 189 4163 1176 4317">
     <span class='ocr_line' id='line_1_40' title="bbox 241 4163 1174 4220; baseline -0.004 -8"><span class='ocrx_word' id='word_1_346' title='bbox 241 4180 257 4212; x_wconf 86' lang='lat'><strong><em>1.</em></strong></span> <span class='ocrx_word' id='word_1_347' title='bbox 273 4168 299 4212; x_wconf 87' lang='lat' dir='ltr'><strong><em>B:</em></strong></span> <span class='ocrx_word' id='word_1_348' title='bbox 315 4171 339 4210; x_wconf 91' lang='lat' dir='ltr'><strong><em>et</em></strong></span> <span class='ocrx_word' id='word_1_349' title='bbox 350 4166 477 4220; x_wconf 80' lang='lat' dir='ltr'><strong><em>sapientia.</em></strong></span> <span class='ocrx_word' id='word_1_350' title='bbox 568 4166 589 4209; x_wconf 82' lang='lat'><strong><em>8.</em></strong></span> <span class='ocrx_word' id='word_1_351' title='bbox 604 4167 638 4209; x_wconf 81' lang='lat' dir='ltr'><strong><em>A:</em></strong></span> <span class='ocrx_word' id='word_1_352' title='bbox 653 4163 709 4218; x_wconf 83' lang='lat' dir='ltr'><strong><em>quia</em></strong></span> <span class='ocrx_word' id='word_1_353' title='bbox 725 4165 797 4208; x_wconf 81' lang='lat' dir='ltr'><strong><em>deest.</em></strong></span> <span class='ocrx_word' id='word_1_354' title='bbox 883 4164 913 4210; x_wconf 86' lang='grc' dir='ltr'><strong><em>ι5.</em></strong></span> <span class='ocrx_word' id='word_1_355' title='bbox 928 4168 961 4208; x_wconf 78' lang='lat' dir='ltr'><strong><em>A:</em></strong></span> <span class='ocrx_word' id='word_1_356' title='bbox 978 4165 1088 4210; x_wconf 86' lang='lat' dir='ltr'><strong><em>doctrt&#39;na</em></strong></span> <span class='ocrx_word' id='word_1_357' title='bbox 1103 4166 1174 4209; x_wconf 85' lang='lat' dir='ltr'><strong><em>deest.</em></strong></span> 
     </span>
     <span class='ocr_line' id='line_1_41' title="bbox 189 4217 1176 4274; baseline -0.002 -10"><span class='ocrx_word' id='word_1_358' title='bbox 189 4232 225 4271; x_wconf 82' lang='lat'><strong><em>²4·</em></strong></span> <span class='ocrx_word' id='word_1_359' title='bbox 241 4221 271 4265; x_wconf 87' lang='lat' dir='ltr'><strong><em>B:</em></strong></span> <span class='ocrx_word' id='word_1_360' title='bbox 286 4220 406 4264; x_wconf 81' lang='lat' dir='ltr'><strong><em>t&#39;ndt&#39;cabit.</em></strong></span> <span class='ocrx_word' id='word_1_361' title='bbox 499 4217 532 4262; x_wconf 80' lang='lat'><strong><em>25.</em></strong></span> <span class='ocrx_word' id='word_1_362' title='bbox 546 4220 580 4262; x_wconf 82' lang='lat' dir='ltr'><strong><em>A:</em></strong></span> <span class='ocrx_word' id='word_1_363' title='bbox 595 4219 693 4261; x_wconf 77' lang='lat' dir='ltr'><strong><em>salutem</em></strong></span> <span class='ocrx_word' id='word_1_364' title='bbox 707 4218 847 4260; x_wconf 85' lang='lat' dir='ltr'><strong><em>animarum.</em></strong></span> <span class='ocrx_word' id='word_1_365' title='bbox 910 4217 944 4262; x_wconf 82' lang='lat'><strong><em>28.</em></strong></span> <span class='ocrx_word' id='word_1_366' title='bbox 960 4220 983 4262; x_wconf 83' lang='grc' dir='ltr'>Α</span> <span class='ocrx_word' id='word_1_367' title='bbox 997 4219 1020 4262; x_wconf 83' lang='grc' dir='ltr'><strong><em>Ιιι</em></strong></span> <span class='ocrx_word' id='word_1_368' title='bbox 1036 4231 1121 4274; x_wconf 58' lang='lat' dir='ltr'><strong><em>mara:</em></strong></span> <span class='ocrx_word' id='word_1_369' title='bbox 1137 4218 1176 4262; x_wconf 81' lang='lat' dir='ltr'><strong><em>lo·</em></strong></span> 
     </span>
     <span class='ocr_line' id='line_1_42' title="bbox 189 4270 579 4317; baseline 0 -4"><span class='ocrx_word' id='word_1_370' title='bbox 189 4272 284 4317; x_wconf 78' lang='lat' dir='ltr'><strong><em>nannet.</em></strong></span> <span class='ocrx_word' id='word_1_371' title='bbox 352 4270 386 4316; x_wconf 85' lang='lat'><strong><em>38.</em></strong></span> <span class='ocrx_word' id='word_1_372' title='bbox 402 4273 430 4315; x_wconf 88' lang='lat' dir='ltr'><strong><em>A:</em></strong></span> <span class='ocrx_word' id='word_1_373' title='bbox 446 4270 484 4314; x_wconf 84' lang='lat' dir='ltr'><strong><em>illl</em></strong></span> <span class='ocrx_word' id='word_1_374' title='bbox 495 4275 579 4314; x_wconf 86' lang='lat' dir='ltr'><strong><em>autem.</em></strong></span> 
     </span>
    </p>
   </div>
   <div class='ocr_carea' id='block_1_5' title="bbox 246 4415 548 4476">
    <p class='ocr_par' dir='ltr' id='par_1_5' title="bbox 246 4415 548 4476">
     <span class='ocr_line' id='line_1_43' title="bbox 246 4415 548 4476; baseline -0.02 -10"><span class='ocrx_word' id='word_1_375' title='bbox 246 4431 283 4466; x_wconf 92' lang='grc' dir='ltr'><strong><em>ιι.</em></strong></span> <span class='ocrx_word' id='word_1_376' title='bbox 303 4418 320 4466; x_wconf 88' lang='grc' dir='ltr'><strong><em>Ι.</em></strong></span> <span class='ocrx_word' id='word_1_377' title='bbox 341 4416 400 4467; x_wconf 84' lang='lat' dir='ltr'><strong><em>Cor.</em></strong></span> <span class='ocrx_word' id='word_1_378' title='bbox 421 4415 462 4475; x_wconf 86' lang='grc' dir='ltr'>ΙΙΙ,</span> <span class='ocrx_word' id='word_1_379' title='bbox 486 4431 505 4476; x_wconf 80' lang='grc' dir='ltr'><strong><em>ι,</em></strong></span> <span class='ocrx_word' id='word_1_380' title='bbox 527 4429 548 4462; x_wconf 88' lang='lat'><strong><em>2.</em></strong></span> 
     </span>
    </p>
   </div>
   <div class='ocr_carea' id='block_1_6' title="bbox 0 0 1561 5130">
    <p class='ocr_par' dir='ltr' id='par_1_6' title="bbox 0 0 1561 5130">
     <span class='ocr_line' id='line_1_44' title="bbox 0 0 1561 5130; baseline 0 0"><span class='ocrx_word' id='word_1_381' title='bbox 0 0 1561 5130; x_wconf 95' lang='lat' dir='ltr'><strong><em> </em></strong></span> 
     </span>
    </p>
   </div>
  </div>
 </body>
</html>
