3098 5130
584 483 673 533 oeus
692 484 944 534 evnnomrctm
965 484 1028 533 ιιιι.
1048 485 1088 534 ιιι.
1149 464 1232 549 [cnr.
1249 479 1336 525 cxix.

341 656 472 720 tempore
495 644 695 701 seminecionis
719 662 774 699 non
795 644 982 700 seminaverit
999 645 1156 720 dampnum
1173 644 1256 720 jacit
1280 646 1335 701 do·

341 733 418 788 mino
449 750 511 801 suo,
544 732 596 787 etsi
619 750 673 787 non
695 732 860 807 perdiderit
888 750 995 802 semen,
1029 742 1071 788 est
1098 743 1193 788 tamen
1216 743 1333 788 tantum

342 821 500 895 dampnum
540 830 677 894 quesitum
712 829 831 895 poteret
869 820 983 875 lucrum
1011 819 1120 893 jacere
1161 819 1188 875 si
1220 819 1334 896 optimo

342 919 473 983 ternpore
495 907 682 973 seminasset;
718 907 759 962 sic
793 905 841 980 qui
873 906 978 982 accipit
993 906 1087 982 fidem
1116 905 1229 962 Christi
1251 918 1278 963 et
1303 907 1334 962 in

342 996 396 1050 lroc
411 994 508 1050 seculo
527 994 730 1049 semirrucionis
746 1012 801 1048 non
817 993 914 1067 suerit
938 1005 1077 1067 operatus
1100 993 1253 1059 iusticiam,
1277 994 1336 1050 etsi
1345 1001 1360 1049 5

341 1083 436 1158 fidem
453 1100 535 1136 snam
556 1099 611 1136 non
625 1080 800 1156 perdiderit,
824 1091 920 1136 taurea
937 1091 1049 1136 tautum
1064 1081 1180 1135 videtur
1191 1099 1334 1156 peccasse

342 1180 478 1243 quantum
499 1168 595 1244 potnit
618 1166 761 1224 iusticiam
779 1167 888 1241 jacere
910 1168 937 1224 si
959 1187 1013 1222 uon
1038 1167 1226 1245 neglexisset.
1265 1169 1333 1224 Hec

342 1256 559 1313 Crisostomus.

164 1351 287 1396 Wemust
386 1346 426 1398 Ex
462 1343 518 1398 ista
555 1340 711 1397 benedicta
744 1341 855 1397 omelia
880 1354 907 1397 et
931 1340 1095 1397 venerabili
1121 1340 1209 1397 huius
1231 1342 1332 1398 sancti

160 1404 297 1501 pgppdophae
343 1444 412 1486 sunt
436 1429 538 1503 aliqua
568 1427 713 1484 memorie
746 1430 1004 1499 commendanda;
1043 1427 1143 1503 primo
1168 1447 1237 1484 cum
1261 1430 1380 1503 plusio

154 1512 306 1607 P‘tlffiln'ffiffl
343 1520 431 1574 debet
465 1517 545 1573 credi
579 1515 721 1590 operibus
745 1534 835 1589 quam
872 1529 1044 1572 atramento
1068 1516 1114 1571 vel
1138 1515 1227 1572 cartis
1251 1514 1333 1590 epis·

128 1604 422 1679 bishop'slicense.c0pi‚
448 1603 543 1676 magis
567 1616 611 1658 est
634 1602 776 1679 operibus
801 1602 967 1676 presbyteri
992 1604 1211 1659 attendendum
1236 1622 1330 1677 quam

344 1692 457 1764 scripto
482 1689 616 1764 episcopi
655 1689 835 1746 ordinantis,
875 1691 921 1745 Ad
946 1690 1035 1746 istum
1070 1703 1170 1746 autem
1205 1708 1330 1746 sensum

344 1778 417 1834 dixit
444 1776 581 1833 Christus
604 1779 669 1834 Joh.
693 1777 728 1847 X,
754 1778 811 1852 38:
841 1777 985 1852 Operibus
1008 1777 1127 1833 credite.

127 1862 332 1957 ffifflssvcffi
389 1867 530 1922 Secundo
563 1877 644 1936 patet
677 1865 758 1937 quod
783 1865 864 1920 nulle
899 1865 974 1921 tales
998 1864 1082 1920 litere
1112 1863 1379 1923 testimonialesr5

146 1967 192 2027 piu
208 1973 248 2008 not
263 1967 314 2020 rive
345 1954 453 2008 darent
477 1951 567 2007 fidem
593 1950 731 2006 fidelibus
749 1953 831 2025 quod
856 1950 924 2025 quis
947 1952 984 2008 sit
1002 1953 1143 2008 sacerdos
1166 1950 1228 2007 sive
1252 1950 1333 2025 epis·

133 2019 449 2114 mllellfflfflf‘scopus,
483 2040 534 2094 sed
570 2037 631 2093 vita
655 2037 827 2111 evangelica
861 2041 917 2094 hoc
940 2041 1092 2112 probaret.
1133 2041 1224 2095 Error
1248 2038 1331 2094 enim

345 2126 375 2182 in
400 2125 524 2181 homine
550 2137 650 2198 posset
675 2143 738 2180 esse
763 2138 864 2180 tantus
889 2128 970 2200 quod
996 2129 1075 2182 Deus
1100 2144 1161 2182 non
1185 2143 1335 2199 coopera-

345 2227 427 2269 retur
451 2231 518 2268 cum
544 2212 606 2273 illo.
639 2213 740 2267 dando
764 2211 885 2268 ordines
909 2231 986 2286 quos
1010 2212 1053 2268 sic
1077 2212 1173 2285 fingit.
1213 2215 1272 2270 Sed
1296 2230 1333 2269 ex

347 2300 415 2367 lide,
436 2303 498 2356 Deo
515 2318 574 2355 non
592 2301 683 2355 dante
706 2299 976 2374 complementum,
1001 2318 1061 2355 non
1079 2299 1235 2373 perficitur
1252 2319 1333 2374 opus
1346 2327 1381 2360 20

347 2386 461 2451 fictum,
494 2405 565 2459 ergo
598 2405 659 2442 non
694 2404 726 2442 ex
751 2385 970 2443 testificacione
999 2387 1068 2443 talis
1093 2386 1224 2443 hominis
1248 2387 1332 2443 ordi-

346 2474 456 2543 nantis,
482 2476 532 2530 sed
558 2492 591 2530 ex
616 2472 838 2529 iustilicacione
860 2474 961 2547 operis
979 2473 1175 2530 conformiter
1199 2472 1257 2546 legi
1275 2474 1332 2530 Dei

347 2560 496 2634 capienda
520 2574 563 2616 est
588 2560 753 2634 probabilis
778 2560 935 2617 evidencia
959 2560 1027 2617 talis
1052 2574 1158 2616 status.
1198 2562 1332 2630 Quando

346 2661 445 2704 autem
464 2661 507 2704 est
531 2648 689 2704 contencio
713 2647 792 2704 circa
809 2647 899 2720 istud,
924 2662 966 2704 est
985 2647 1141 2722 probabile
1163 2648 1244 2722 quod
1267 2647 1332 2704 dia-

346 2737 432 2792 bolus
456 2737 564 2791 habeat
589 2736 739 2791 interesse.
1344 2746 1378 2795 25

170 2838 292 2882 Godmav
388 2822 497 2878 Tercio
531 2822 657 2879 infertur
680 2823 762 2896 quod
795 2820 856 2878 sive
880 2840 960 2895 papa
983 2821 1045 2879 sive
1069 2821 1229 2895 episcopus
1252 2820 1331 2877 alius

165 2886 302 2987 ωῗξὲξὲξθ
347 2909 377 2965 in
400 2909 461 2966 vita
482 2909 560 2965 iusta
583 2909 721 2977 defuerit,
746 2907 799 2964 Dei
824 2921 868 2964 est
891 2927 952 2965 non
977 2909 1111 2982 exigente
1135 2922 1259 2982 peccato
1283 2926 1332 2964 ec-

178 2957 289 3090 ietpcnve
348 2996 437 3053 clesie
461 3014 593 3052 errorem
620 2996 687 3052 talis
713 2993 818 3069 prelati
843 2997 994 3069 supplere.
1024 2999 1104 3052 Deus
1128 2995 1207 3051 enim
1231 3008 1332 3070 potest

179 3056 284 3102 pierres.
347 3083 412 3139 sine
437 3082 488 3138 tali
524 3081 661 3140 ministro
694 3083 787 3155 digno
811 3084 856 3138 vel
889 3081 1014 3156 indigno
1038 3101 1197 3157 personam
1223 3082 1253 3138 in
1276 3082 1330 3138 tali

346 3183 426 3226 statu
452 3168 644 3239 constituere,
683 3188 738 3226 nec
771 3182 815 3225 est
839 3169 1026 3244 probabilior
1060 3169 1214 3226 evidencia
1238 3188 1330 3244 quarn
1344 3186 1378 3235 30

347 3275 380 3313 ex
404 3256 474 3312 vita.
510 3258 580 3312 ldeo
613 3257 715 3312 habita
749 3256 810 3312 vita
838 3270 942 3313 sancta
966 3271 994 3313 et
1017 3256 1156 3313 doctrina
1181 3257 1331 3314 catholica

347 3344 419 3400 satis
443 3357 487 3400 est
512 3343 635 3400 ecclesie
661 3343 814 3400 militanti.

391 3434 427 3488 Et
465 3430 522 3489 isto
557 3430 636 3487 fideli
671 3429 820 3504 principio
855 3444 981 3487 utuntur
1005 3430 1146 3488 catholici
1170 3429 1201 3487 in
1228 3429 1330 3486 multis

347 3519 509 3576 sentenciis
534 3537 609 3592 quas
633 3517 737 3574 dicunt
762 3517 895 3576 ecclesie.
936 3522 1011 3574 Nam
1037 3518 1192 3575 evidenter
1215 3536 1248 3573 ex
1273 3516 1331 3574 lide

348 3620 376 3663 et
401 3606 488 3663 dictis
522 3605 610 3662 huius
635 3604 730 3661 sancti
763 3617 846 3678 patet
880 3609 960 3680 quod
994 3606 1139 3680 quicquid
1175 3623 1253 3679 papa
1285 3605 1376 3671 vel35

348 3694 424 3751 alius
449 3694 582 3767 prelatus
607 3692 722 3763 fecerit,
747 3691 804 3748 nisi
822 3696 902 3749 Deus
927 3695 1127 3766 approbando
1144 3693 1224 3749 istud
1248 3710 1330 3749 com·

348 3780 483 3856 pleverit‚
516 3793 580 3837 tota
613 3779 762 3837 similacio
787 3779 861 3835 nihil
885 3781 972 3836 valet.
1014 3782 1090 3836 Cum
1117 3799 1186 3852 ergo
1212 3798 1273 3836 non
1298 3798 1331 3835 ex

348 3868 407 3924 fide
430 3868 477 3924 vel
501 3866 624 3925 racione
649 3882 746 3942 potest
770 3867 879 3923 deduci
904 3869 985 3941 quod
1004 3871 1084 3923 Deus
1109 3866 1262 3923 concurrit
1286 3885 1331 3922 re-

348 3954 491 4029 gulariter
524 3956 562 4011 ad
595 3955 813 4029 perficiendum
839 3974 915 4028 opus
939 3953 1147 4027 cuiuscunque
1171 3952 1277 4028 prelati
1302 3966 1331 4009 et

349 4042 520 4117 specialiter
537 4041 653 4113 cesarii,
681 4043 800 4100 videtur
823 4041 961 4098 mirabile
983 4043 1065 4117 quod
1090 4041 1228 4098 homines
1251 4032 1330 4096 istud
1340 4051 1376 4100 40

348 4129 499 4204 accipiant
533 4143 688 4205 tamquam
720 4130 820 4188 lidem.
862 4133 940 4186 lnter
964 4129 1038 4186 alias
1063 4142 1164 4186 autem
1190 4126 1331 4203 sophisti-

400 4438 422 4467 «ι.
440 4427 457 4467 Α
475 4426 497 4466 in
515 4438 600 4478 marg:
616 4425 741 4468 lohannes.
