<?xml version="1.0" encoding="UTF-8"?>
<!DOCTYPE html PUBLIC "-//W3C//DTD XHTML 1.0 Transitional//EN"
    "http://www.w3.org/TR/xhtml1/DTD/xhtml1-transitional.dtd">
<html xmlns="http://www.w3.org/1999/xhtml" xml:lang="en" lang="en">
 <head>
  <title>
</title>
<meta http-equiv="Content-Type" content="text/html;charset=utf-8" />
  <meta name='ocr-system' content='tesseract 3.04.00' />
  <meta name='ocr-capabilities' content='ocr_page ocr_carea ocr_par ocr_line ocrx_word'/>
</head>
<body>
  <div class='ocr_page' id='page_1' title='image "./iohanniswyclifo01wyclgoog_0113.png"; bbox 0 0 3098 5130; ppageno 0'>
   <div class='ocr_carea' id='block_1_1' title="bbox 581 473 1338 558">
    <p class='ocr_par' dir='ltr' id='par_1_1' title="bbox 581 473 1338 558">
     <span class='ocr_line' id='line_1_1' title="bbox 581 473 1338 558; baseline -0.008 -20"><span class='ocrx_word' id='word_1_1' title='bbox 581 487 672 538; x_wconf 74' lang='lat' dir='ltr'><em>oeus</em></span> <span class='ocrx_word' id='word_1_2' title='bbox 690 487 944 540; x_wconf 74' lang='lat' dir='ltr'><em>Evnuofflcun</em></span> <span class='ocrx_word' id='word_1_3' title='bbox 965 490 1029 541; x_wconf 74' lang='lat' dir='ltr'><em>Lus.</em></span> <span class='ocrx_word' id='word_1_4' title='bbox 1047 488 1089 541; x_wconf 87' lang='lat' dir='ltr'><em>tn.</em></span> <span class='ocrx_word' id='word_1_5' title='bbox 1183 473 1267 558; x_wconf 76' lang='lat' dir='ltr'><em>[cm.</em></span> <span class='ocrx_word' id='word_1_6' title='bbox 1282 488 1338 534; x_wconf 84' lang='lat' dir='ltr'><em>xx.</em></span> 
     </span>
    </p>
   </div>
   <div class='ocr_carea' id='block_1_2' title="bbox 140 649 1430 3864">
    <p class='ocr_par' dir='ltr' id='par_1_2' title="bbox 140 649 1430 3864">
     <span class='ocr_line' id='line_1_2' title="bbox 340 649 1338 728; baseline 0.003 -21"><span class='ocrx_word' id='word_1_7' title='bbox 340 650 484 725; x_wconf 88' lang='lat' dir='ltr'><em>serpentis</em></span> <span class='ocrx_word' id='word_1_8' title='bbox 522 649 601 705; x_wconf 89' lang='lat' dir='ltr'><em>illius</em></span> <span class='ocrx_word' id='word_1_9' title='bbox 638 650 679 704; x_wconf 95' lang='lat' dir='ltr'><em>ad</em></span> <span class='ocrx_word' id='word_1_10' title='bbox 716 668 798 725; x_wconf 80' lang='lat' dir='ltr'><em>quem</em></span> <span class='ocrx_word' id='word_1_11' title='bbox 832 651 914 706; x_wconf 93' lang='lat' dir='ltr'><em>Deus</em></span> <span class='ocrx_word' id='word_1_12' title='bbox 947 651 975 707; x_wconf 95' lang='lat' dir='ltr'><em>in</em></span> <span class='ocrx_word' id='word_1_13' title='bbox 1004 669 1133 728; x_wconf 88' lang='lat' dir='ltr'><em>persona</em></span> <span class='ocrx_word' id='word_1_14' title='bbox 1168 652 1280 709; x_wconf 84' lang='lat' dir='ltr'><em>diaboli</em></span> <span class='ocrx_word' id='word_1_15' title='bbox 1308 665 1338 710; x_wconf 88' lang='lat' dir='ltr'><em>et</em></span> 
     </span>
     <span class='ocr_line' id='line_1_3' title="bbox 341 736 1337 814; baseline 0.003 -20"><span class='ocrx_word' id='word_1_16' title='bbox 341 736 461 794; x_wconf 80' lang='lat' dir='ltr'><em>ecclesie</em></span> <span class='ocrx_word' id='word_1_17' title='bbox 484 736 568 793; x_wconf 86' lang='lat' dir='ltr'><em>dicit:</em></span> <span class='ocrx_word' id='word_1_18' title='bbox 592 736 672 793; x_wconf 86' lang='lat' dir='ltr'><em>Ecce</em></span> <span class='ocrx_word' id='word_1_19' title='bbox 690 755 770 814; x_wconf 95' lang='lat' dir='ltr'><em>pono</em></span> <span class='ocrx_word' id='word_1_20' title='bbox 786 738 958 794; x_wconf 78' lang='lat' dir='ltr'><em>inimicicias</em></span> <span class='ocrx_word' id='word_1_21' title='bbox 981 738 1057 795; x_wconf 86' lang='lat' dir='ltr'><em>inter</em></span> <span class='ocrx_word' id='word_1_22' title='bbox 1079 750 1107 796; x_wconf 92' lang='lat' dir='ltr'><em>te</em></span> <span class='ocrx_word' id='word_1_23' title='bbox 1129 750 1157 795; x_wconf 88' lang='lat' dir='ltr'><em>et</em></span> <span class='ocrx_word' id='word_1_24' title='bbox 1179 740 1337 797; x_wconf 88' lang='lat' dir='ltr'><em>mulierem</em></span> 
     </span>
     <span class='ocr_line' id='line_1_4' title="bbox 341 824 1336 903; baseline 0.003 -22"><span class='ocrx_word' id='word_1_25' title='bbox 341 835 369 881; x_wconf 95' lang='lat' dir='ltr'><em>et</em></span> <span class='ocrx_word' id='word_1_26' title='bbox 392 824 469 881; x_wconf 89' lang='lat' dir='ltr'><em>inter</em></span> <span class='ocrx_word' id='word_1_27' title='bbox 489 842 588 881; x_wconf 89' lang='lat' dir='ltr'><em>semen</em></span> <span class='ocrx_word' id='word_1_28' title='bbox 604 834 684 879; x_wconf 90' lang='lat' dir='ltr'><em>tuum</em></span> <span class='ocrx_word' id='word_1_29' title='bbox 709 835 736 881; x_wconf 93' lang='lat' dir='ltr'><em>et</em></span> <span class='ocrx_word' id='word_1_30' title='bbox 758 843 856 882; x_wconf 87' lang='lat' dir='ltr'><em>semen</em></span> <span class='ocrx_word' id='word_1_31' title='bbox 872 825 958 881; x_wconf 91' lang='lat' dir='ltr'><em>illius.</em></span> <span class='ocrx_word' id='word_1_32' title='bbox 985 825 1081 903; x_wconf 84' lang='lat' dir='ltr'><em>Super</em></span> <span class='ocrx_word' id='word_1_33' title='bbox 1097 836 1225 884; x_wconf 81' lang='lat' dir='ltr'><em>ventrem</em></span> <span class='ocrx_word' id='word_1_34' title='bbox 1250 838 1336 884; x_wconf 88' lang='lat' dir='ltr'><em>tuum</em></span> 
     </span>
     <span class='ocr_line' id='line_1_5' title="bbox 340 912 1335 989; baseline 0.004 -22"><span class='ocrx_word' id='word_1_35' title='bbox 340 912 494 989; x_wconf 78' lang='lat' dir='ltr'><em>gradieris</em></span> <span class='ocrx_word' id='word_1_36' title='bbox 518 923 545 968; x_wconf 91' lang='lat' dir='ltr'><em>et</em></span> <span class='ocrx_word' id='word_1_37' title='bbox 567 930 657 989; x_wconf 87' lang='lat' dir='ltr'><em>super</em></span> <span class='ocrx_word' id='word_1_38' title='bbox 676 923 779 988; x_wconf 90' lang='lat' dir='ltr'><em>pectus</em></span> <span class='ocrx_word' id='word_1_39' title='bbox 802 924 882 968; x_wconf 90' lang='lat' dir='ltr'><em>tuum</em></span> <span class='ocrx_word' id='word_1_40' title='bbox 908 931 993 988; x_wconf 89' lang='lat' dir='ltr'><em>repes</em></span> <span class='ocrx_word' id='word_1_41' title='bbox 1015 923 1042 970; x_wconf 91' lang='lat' dir='ltr'><em>et</em></span> <span class='ocrx_word' id='word_1_42' title='bbox 1065 924 1178 970; x_wconf 89' lang='lat' dir='ltr'><em>terram</em></span> <span class='ocrx_word' id='word_1_43' title='bbox 1206 916 1335 971; x_wconf 88' lang='lat' dir='ltr'><em>mandu-</em></span> 
     </span>
     <span class='ocr_line' id='line_1_6' title="bbox 341 998 1363 1076; baseline 0.004 -21"><span class='ocrx_word' id='word_1_44' title='bbox 341 998 420 1055; x_wconf 88' lang='lat' dir='ltr'><em>cabis</em></span> <span class='ocrx_word' id='word_1_45' title='bbox 459 999 591 1055; x_wconf 82' lang='lat' dir='ltr'><em>omnibus</em></span> <span class='ocrx_word' id='word_1_46' title='bbox 630 999 730 1055; x_wconf 84' lang='lat' dir='ltr'><em>diebus</em></span> <span class='ocrx_word' id='word_1_47' title='bbox 763 999 829 1059; x_wconf 92' lang='lat' dir='ltr'><em>tuis.</em></span> <span class='ocrx_word' id='word_1_48' title='bbox 868 1000 998 1076; x_wconf 82' lang='lat' dir='ltr'><em>Propter</em></span> <span class='ocrx_word' id='word_1_49' title='bbox 1031 1018 1117 1076; x_wconf 80' lang='lat' dir='ltr'><em>quam</em></span> <span class='ocrx_word' id='word_1_50' title='bbox 1155 1002 1363 1058; x_wconf 77' lang='lat' dir='ltr'><em>sentenciam3</em></span> 
     </span>
     <span class='ocr_line' id='line_1_7' title="bbox 344 1086 1334 1165; baseline 0.005 -24"><span class='ocrx_word' id='word_1_51' title='bbox 344 1086 464 1142; x_wconf 85' lang='lat' dir='ltr'><em>Domini</em></span> <span class='ocrx_word' id='word_1_52' title='bbox 486 1086 561 1142; x_wconf 92' lang='lat' dir='ltr'><em>inter</em></span> <span class='ocrx_word' id='word_1_53' title='bbox 582 1086 726 1143; x_wconf 83' lang='lat' dir='ltr'><em>hereticos</em></span> <span class='ocrx_word' id='word_1_54' title='bbox 741 1097 767 1142; x_wconf 92' lang='lat' dir='ltr'><em>et</em></span> <span class='ocrx_word' id='word_1_55' title='bbox 790 1086 966 1143; x_wconf 84' lang='lat' dir='ltr'><em>christianos</em></span> <span class='ocrx_word' id='word_1_56' title='bbox 985 1105 1051 1162; x_wconf 89' lang='lat' dir='ltr'><em>pax</em></span> <span class='ocrx_word' id='word_1_57' title='bbox 1074 1105 1128 1143; x_wconf 95' lang='lat' dir='ltr'><em>non</em></span> <span class='ocrx_word' id='word_1_58' title='bbox 1148 1098 1245 1165; x_wconf 87' lang='lat' dir='ltr'><em>potest</em></span> <span class='ocrx_word' id='word_1_59' title='bbox 1260 1107 1334 1146; x_wconf 90' lang='lat' dir='ltr'><em>esse.</em></span> 
     </span>
     <span class='ocr_line' id='line_1_8' title="bbox 342 1173 1334 1251; baseline 0.002 -22"><span class='ocrx_word' id='word_1_60' title='bbox 342 1173 375 1229; x_wconf 89' lang='lat' dir='ltr'><em>Si</em></span> <span class='ocrx_word' id='word_1_61' title='bbox 397 1191 471 1251; x_wconf 75' lang='lat' dir='ltr'><em>ergo</em></span> <span class='ocrx_word' id='word_1_62' title='bbox 487 1173 572 1249; x_wconf 84' lang='lat' dir='ltr'><em>filios</em></span> <span class='ocrx_word' id='word_1_63' title='bbox 595 1173 714 1230; x_wconf 80' lang='lat' dir='ltr'><em>ecclesie</em></span> <span class='ocrx_word' id='word_1_64' title='bbox 737 1191 793 1229; x_wconf 95' lang='lat' dir='ltr'><em>non</em></span> <span class='ocrx_word' id='word_1_65' title='bbox 813 1189 1031 1250; x_wconf 85' lang='lat' dir='ltr'><em>persequuntur</em></span> <span class='ocrx_word' id='word_1_66' title='bbox 1054 1175 1175 1232; x_wconf 76' lang='lat' dir='ltr'><em>heretici</em></span> <span class='ocrx_word' id='word_1_67' title='bbox 1204 1194 1256 1233; x_wconf 90' lang='lat' dir='ltr'><em>nec</em></span> <span class='ocrx_word' id='word_1_68' title='bbox 1278 1178 1334 1232; x_wconf 89' lang='lat' dir='ltr'><em>ad·</em></span> 
     </span>
     <span class='ocr_line' id='line_1_9' title="bbox 343 1260 1334 1338; baseline 0.003 -23"><span class='ocrx_word' id='word_1_69' title='bbox 343 1271 500 1317; x_wconf 81' lang='lat' dir='ltr'><em>versantur</em></span> <span class='ocrx_word' id='word_1_70' title='bbox 522 1271 550 1316; x_wconf 89' lang='lat' dir='ltr'><em>et</em></span> <span class='ocrx_word' id='word_1_71' title='bbox 565 1260 622 1336; x_wconf 88' lang='lat' dir='ltr'><em>ipsi</em></span> <span class='ocrx_word' id='word_1_72' title='bbox 634 1261 698 1338; x_wconf 79' lang='lat' dir='ltr'><em>filii</em></span> <span class='ocrx_word' id='word_1_73' title='bbox 711 1271 777 1316; x_wconf 91' lang='lat' dir='ltr'><em>suut</em></span> <span class='ocrx_word' id='word_1_74' title='bbox 793 1261 928 1331; x_wconf 84' lang='lat' dir='ltr'><em>ecclesie,·</em></span> <span class='ocrx_word' id='word_1_75' title='bbox 949 1262 976 1318; x_wconf 94' lang='lat' dir='ltr'><em>si</em></span> <span class='ocrx_word' id='word_1_76' title='bbox 990 1272 1085 1317; x_wconf 94' lang='lat' dir='ltr'><em>autem</em></span> <span class='ocrx_word' id='word_1_77' title='bbox 1103 1274 1334 1338; x_wconf 85' lang='lat' dir='ltr'><em>persequuntur,</em></span> 
     </span>
     <span class='ocr_line' id='line_1_10' title="bbox 341 1347 1336 1423; baseline 0.001 -18"><span class='ocrx_word' id='word_1_78' title='bbox 341 1366 437 1405; x_wconf 91' lang='lat' dir='ltr'><em>semen</em></span> <span class='ocrx_word' id='word_1_79' title='bbox 458 1358 524 1404; x_wconf 93' lang='lat' dir='ltr'><em>sunt</em></span> <span class='ocrx_word' id='word_1_80' title='bbox 543 1348 688 1423; x_wconf 87' lang='lat' dir='ltr'><em>serpentis</em></span> <span class='ocrx_word' id='word_1_81' title='bbox 708 1347 796 1418; x_wconf 87' lang='lat' dir='ltr'><em>illius,</em></span> <span class='ocrx_word' id='word_1_82' title='bbox 821 1348 901 1404; x_wconf 91' lang='lat' dir='ltr'><em>cuius</em></span> <span class='ocrx_word' id='word_1_83' title='bbox 916 1367 1012 1405; x_wconf 91' lang='lat' dir='ltr'><em>semen</em></span> <span class='ocrx_word' id='word_1_84' title='bbox 1028 1349 1199 1407; x_wconf 84' lang='lat' dir='ltr'><em>inimicicias</em></span> <span class='ocrx_word' id='word_1_85' title='bbox 1214 1361 1336 1408; x_wconf 85' lang='lat' dir='ltr'><em>exercet</em></span> 
     </span>
     <span class='ocr_line' id='line_1_11' title="bbox 342 1435 1384 1513; baseline 0.002 -22"><span class='ocrx_word' id='word_1_86' title='bbox 342 1436 486 1492; x_wconf 82' lang='lat' dir='ltr'><em>adversus</em></span> <span class='ocrx_word' id='word_1_87' title='bbox 508 1453 606 1491; x_wconf 91' lang='lat' dir='ltr'><em>semen</em></span> <span class='ocrx_word' id='word_1_88' title='bbox 628 1435 755 1491; x_wconf 80' lang='lat' dir='ltr'><em>ecclesie.</em></span> <span class='ocrx_word' id='word_1_89' title='bbox 779 1435 857 1490; x_wconf 90' lang='lat' dir='ltr'><em>Nam</em></span> <span class='ocrx_word' id='word_1_90' title='bbox 881 1446 909 1492; x_wconf 93' lang='lat' dir='ltr'><em>et</em></span> <span class='ocrx_word' id='word_1_91' title='bbox 932 1435 989 1511; x_wconf 86' lang='lat' dir='ltr'><em>ipsi</em></span> <span class='ocrx_word' id='word_1_92' title='bbox 1008 1436 1158 1513; x_wconf 82' lang='lat' dir='ltr'><em>genimina</em></span> <span class='ocrx_word' id='word_1_93' title='bbox 1181 1449 1248 1494; x_wconf 91' lang='lat' dir='ltr'><em>sunt</em></span> <span class='ocrx_word' id='word_1_94' title='bbox 1269 1456 1333 1495; x_wconf 88' lang='lat' dir='ltr'><em>ser·</em></span> <span class='ocrx_word' id='word_1_95' title='bbox 1351 1454 1384 1488; x_wconf 83' lang='grc' dir='ltr'><em>ιο</em></span> 
     </span>
     <span class='ocr_line' id='line_1_12' title="bbox 340 1522 1334 1599; baseline 0.005 -22"><span class='ocrx_word' id='word_1_96' title='bbox 340 1523 435 1598; x_wconf 89' lang='lat' dir='ltr'><em>pentis</em></span> <span class='ocrx_word' id='word_1_97' title='bbox 462 1522 550 1592; x_wconf 86' lang='lat' dir='ltr'><em>illius,</em></span> <span class='ocrx_word' id='word_1_98' title='bbox 581 1522 719 1578; x_wconf 91' lang='lat' dir='ltr'><em>similiter</em></span> <span class='ocrx_word' id='word_1_99' title='bbox 749 1523 821 1579; x_wconf 91' lang='lat' dir='ltr'><em>sicut</em></span> <span class='ocrx_word' id='word_1_100' title='bbox 854 1532 881 1579; x_wconf 94' lang='lat' dir='ltr'><em>et</em></span> <span class='ocrx_word' id='word_1_101' title='bbox 909 1522 959 1579; x_wconf 89' lang='lat' dir='ltr'><em>ille</em></span> <span class='ocrx_word' id='word_1_102' title='bbox 980 1540 1070 1599; x_wconf 89' lang='lat' dir='ltr'><em>super</em></span> <span class='ocrx_word' id='word_1_103' title='bbox 1093 1534 1221 1582; x_wconf 83' lang='lat' dir='ltr'><em>ventrem</em></span> <span class='ocrx_word' id='word_1_104' title='bbox 1248 1543 1334 1582; x_wconf 91' lang='lat' dir='ltr'><em>suum</em></span> 
     </span>
     <span class='ocr_line' id='line_1_13' title="bbox 343 1611 1334 1690; baseline 0.003 -24"><span class='ocrx_word' id='word_1_105' title='bbox 343 1620 370 1666; x_wconf 93' lang='lat' dir='ltr'><em>et</em></span> <span class='ocrx_word' id='word_1_106' title='bbox 400 1627 490 1685; x_wconf 90' lang='lat' dir='ltr'><em>super</em></span> <span class='ocrx_word' id='word_1_107' title='bbox 516 1620 620 1684; x_wconf 90' lang='lat' dir='ltr'><em>pectus</em></span> <span class='ocrx_word' id='word_1_108' title='bbox 651 1619 772 1684; x_wconf 83' lang='lat' dir='ltr'><em>repunt:</em></span> <span class='ocrx_word' id='word_1_109' title='bbox 805 1620 833 1665; x_wconf 90' lang='lat' dir='ltr'><em>et</em></span> <span class='ocrx_word' id='word_1_110' title='bbox 855 1620 967 1666; x_wconf 91' lang='lat' dir='ltr'><em>terram</em></span> <span class='ocrx_word' id='word_1_111' title='bbox 1000 1611 1177 1667; x_wconf 89' lang='lat' dir='ltr'><em>manducant</em></span> <span class='ocrx_word' id='word_1_112' title='bbox 1207 1630 1334 1690; x_wconf 79' lang='lat' dir='ltr'><em>semper.</em></span> 
     </span>
     <span class='ocr_line' id='line_1_14' title="bbox 344 1696 1335 1775; baseline 0.005 -24"><span class='ocrx_word' id='word_1_113' title='bbox 344 1698 441 1772; x_wconf 86' lang='lat' dir='ltr'><em>Super</em></span> <span class='ocrx_word' id='word_1_114' title='bbox 464 1707 594 1753; x_wconf 84' lang='lat' dir='ltr'><em>ventrem</em></span> <span class='ocrx_word' id='word_1_115' title='bbox 619 1696 732 1770; x_wconf 88' lang='lat' dir='ltr'><em>quidem</em></span> <span class='ocrx_word' id='word_1_116' title='bbox 757 1707 784 1752; x_wconf 94' lang='lat' dir='ltr'><em>et</em></span> <span class='ocrx_word' id='word_1_117' title='bbox 810 1706 922 1773; x_wconf 85' lang='lat' dir='ltr'><em>pectus,</em></span> <span class='ocrx_word' id='word_1_118' title='bbox 946 1697 1080 1772; x_wconf 83' lang='lat' dir='ltr'><em>quoniam</em></span> <span class='ocrx_word' id='word_1_119' title='bbox 1097 1698 1237 1775; x_wconf 81' lang='lat' dir='ltr'><em>quidquid</em></span> <span class='ocrx_word' id='word_1_120' title='bbox 1251 1700 1335 1774; x_wconf 90' lang='lat' dir='ltr'><em>saci-</em></span> 
     </span>
     <span class='ocr_line' id='line_1_15' title="bbox 344 1783 1334 1862; baseline 0.004 -24"><span class='ocrx_word' id='word_1_121' title='bbox 344 1795 395 1840; x_wconf 89' lang='lat' dir='ltr'><em>unt</em></span> <span class='ocrx_word' id='word_1_122' title='bbox 430 1794 556 1861; x_wconf 90' lang='lat' dir='ltr'><em>propter</em></span> <span class='ocrx_word' id='word_1_123' title='bbox 594 1793 723 1840; x_wconf 85' lang='lat' dir='ltr'><em>ventrem</em></span> <span class='ocrx_word' id='word_1_124' title='bbox 761 1802 845 1839; x_wconf 86' lang='lat' dir='ltr'><em>sumn</em></span> <span class='ocrx_word' id='word_1_125' title='bbox 867 1783 987 1858; x_wconf 81' lang='lat' dir='ltr'><em>faciunt</em></span> <span class='ocrx_word' id='word_1_126' title='bbox 1015 1795 1042 1841; x_wconf 94' lang='lat' dir='ltr'><em>et</em></span> <span class='ocrx_word' id='word_1_127' title='bbox 1070 1796 1197 1862; x_wconf 85' lang='lat' dir='ltr'><em>propter</em></span> <span class='ocrx_word' id='word_1_128' title='bbox 1228 1805 1334 1842; x_wconf 82' lang='lat' dir='ltr'><em>vanam</em></span> 
     </span>
     <span class='ocr_line' id='line_1_16' title="bbox 342 1870 1380 1948; baseline 0.002 -22"><span class='ocrx_word' id='word_1_129' title='bbox 342 1871 472 1947; x_wconf 78' lang='lat' dir='ltr'><em>gloriam</em></span> <span class='ocrx_word' id='word_1_130' title='bbox 494 1872 623 1948; x_wconf 83' lang='lat' dir='ltr'><em>pectoris</em></span> <span class='ocrx_word' id='word_1_131' title='bbox 645 1870 697 1927; x_wconf 90' lang='lat' dir='ltr'><em>sui.</em></span> <span class='ocrx_word' id='word_1_132' title='bbox 734 1871 857 1926; x_wconf 83' lang='lat' dir='ltr'><em>Terram</em></span> <span class='ocrx_word' id='word_1_133' title='bbox 885 1881 981 1927; x_wconf 89' lang='lat' dir='ltr'><em>autem</em></span> <span class='ocrx_word' id='word_1_134' title='bbox 1005 1873 1168 1943; x_wconf 88' lang='lat' dir='ltr'><em>comedunt,</em></span> <span class='ocrx_word' id='word_1_135' title='bbox 1191 1873 1257 1947; x_wconf 84' lang='lat' dir='ltr'><em>quia</em></span> <span class='ocrx_word' id='word_1_136' title='bbox 1286 1877 1380 1931; x_wconf 81' lang='lat' dir='ltr'><em>ne-15</em></span> 
     </span>
     <span class='ocr_line' id='line_1_17' title="bbox 344 1958 1337 2036; baseline 0.003 -23"><span class='ocrx_word' id='word_1_137' title='bbox 344 1959 448 2014; x_wconf 91' lang='lat' dir='ltr'><em>minem</em></span> <span class='ocrx_word' id='word_1_138' title='bbox 473 1959 628 2014; x_wconf 90' lang='lat' dir='ltr'><em>lucrantur</em></span> <span class='ocrx_word' id='word_1_139' title='bbox 650 1967 700 2013; x_wconf 84' lang='lat' dir='ltr'><em>aut</em></span> <span class='ocrx_word' id='word_1_140' title='bbox 716 1958 834 2032; x_wconf 91' lang='lat' dir='ltr'><em>capiunt</em></span> <span class='ocrx_word' id='word_1_141' title='bbox 857 1958 884 2013; x_wconf 91' lang='lat' dir='ltr'><em>in</em></span> <span class='ocrx_word' id='word_1_142' title='bbox 904 1958 1032 2035; x_wconf 79' lang='lat' dir='ltr'><em>perfidia</em></span> <span class='ocrx_word' id='word_1_143' title='bbox 1047 1976 1110 2032; x_wconf 88' lang='lat' dir='ltr'><em>sua,</em></span> <span class='ocrx_word' id='word_1_144' title='bbox 1134 1960 1189 2017; x_wconf 92' lang='lat' dir='ltr'><em>nisi</em></span> <span class='ocrx_word' id='word_1_145' title='bbox 1202 1960 1270 2018; x_wconf 87' lang='lat' dir='ltr'><em>illos</em></span> <span class='ocrx_word' id='word_1_146' title='bbox 1285 1961 1337 2036; x_wconf 81' lang='lat' dir='ltr'><em>qui</em></span> 
     </span>
     <span class='ocr_line' id='line_1_18' title="bbox 344 2045 1333 2121; baseline 0.002 -20"><span class='ocrx_word' id='word_1_147' title='bbox 344 2046 372 2101; x_wconf 91' lang='lat' dir='ltr'><em>in</em></span> <span class='ocrx_word' id='word_1_148' title='bbox 397 2056 575 2116; x_wconf 82' lang='lat' dir='ltr'><em>terrosum,</em></span> <span class='ocrx_word' id='word_1_149' title='bbox 599 2045 630 2100; x_wconf 92' lang='lat' dir='ltr'><em>id</em></span> <span class='ocrx_word' id='word_1_150' title='bbox 654 2055 706 2116; x_wconf 81' lang='lat' dir='ltr'><em>est,</em></span> <span class='ocrx_word' id='word_1_151' title='bbox 731 2045 866 2101; x_wconf 86' lang='lat' dir='ltr'><em>carnales</em></span> <span class='ocrx_word' id='word_1_152' title='bbox 882 2045 1020 2102; x_wconf 75' lang='lat' dir='ltr'><em>domines.</em></span> <span class='ocrx_word' id='word_1_153' title='bbox 1046 2045 1221 2121; x_wconf 89' lang='lat' dir='ltr'><em>Spirituoles</em></span> <span class='ocrx_word' id='word_1_154' title='bbox 1236 2059 1333 2105; x_wconf 90' lang='lat' dir='ltr'><em>autem</em></span> 
     </span>
     <span class='ocr_line' id='line_1_19' title="bbox 345 2132 1336 2191; baseline 0.005 -5"><span class='ocrx_word' id='word_1_155' title='bbox 345 2133 424 2190; x_wconf 84' lang='lat' dir='ltr'><em>uiros</em></span> <span class='ocrx_word' id='word_1_156' title='bbox 446 2133 617 2189; x_wconf 84' lang='lat' dir='ltr'><em>scduccione</em></span> <span class='ocrx_word' id='word_1_157' title='bbox 640 2143 818 2188; x_wconf 90' lang='lat' dir='ltr'><em>consumunt.</em></span> <span class='ocrx_word' id='word_1_158' title='bbox 843 2132 1027 2188; x_wconf 87' lang='lat' dir='ltr'><em>Manducare</em></span> <span class='ocrx_word' id='word_1_159' title='bbox 1049 2143 1144 2190; x_wconf 91' lang='lat' dir='ltr'><em>autem</em></span> <span class='ocrx_word' id='word_1_160' title='bbox 1161 2145 1204 2191; x_wconf 91' lang='lat' dir='ltr'><em>est</em></span> <span class='ocrx_word' id='word_1_161' title='bbox 1220 2134 1336 2191; x_wconf 84' lang='lat' dir='ltr'><em>lucrari</em></span> 
     </span>
     <span class='ocr_line' id='line_1_20' title="bbox 342 2219 1331 2295; baseline 0.001 -19"><span class='ocrx_word' id='word_1_162' title='bbox 342 2220 403 2276; x_wconf 85' lang='lat' dir='ltr'><em>siue</em></span> <span class='ocrx_word' id='word_1_163' title='bbox 425 2220 584 2295; x_wconf 80' lang='lat' dir='ltr'><em>adquirere</em></span> <span class='ocrx_word' id='word_1_164' title='bbox 606 2220 667 2276; x_wconf 82' lang='lat' dir='ltr'><em>siue</em></span> <span class='ocrx_word' id='word_1_165' title='bbox 688 2219 729 2274; x_wconf 88' lang='lat' dir='ltr'><em>ad</em></span> <span class='ocrx_word' id='word_1_166' title='bbox 749 2219 837 2275; x_wconf 84' lang='lat' dir='ltr'><em>uitam</em></span> <span class='ocrx_word' id='word_1_167' title='bbox 861 2220 922 2276; x_wconf 85' lang='lat' dir='ltr'><em>siue</em></span> <span class='ocrx_word' id='word_1_168' title='bbox 943 2220 984 2275; x_wconf 91' lang='lat' dir='ltr'><em>ad</em></span> <span class='ocrx_word' id='word_1_169' title='bbox 999 2231 1133 2282; x_wconf 87' lang='lat' dir='ltr'><em>mortem.</em></span> <span class='ocrx_word' id='word_1_170' title='bbox 1156 2221 1223 2278; x_wconf 91' lang='lat' dir='ltr'><em>Non</em></span> <span class='ocrx_word' id='word_1_171' title='bbox 1238 2222 1331 2279; x_wconf 92' lang='lat' dir='ltr'><em>solum</em></span> 
     </span>
     <span class='ocr_line' id='line_1_21' title="bbox 344 2305 1381 2385; baseline 0 -22"><span class='ocrx_word' id='word_1_172' title='bbox 344 2318 439 2363; x_wconf 91' lang='lat' dir='ltr'><em>autem</em></span> <span class='ocrx_word' id='word_1_173' title='bbox 463 2318 613 2382; x_wconf 89' lang='lat' dir='ltr'><em>serpentes</em></span> <span class='ocrx_word' id='word_1_174' title='bbox 636 2306 777 2363; x_wconf 91' lang='lat' dir='ltr'><em>suntsed</em></span> <span class='ocrx_word' id='word_1_175' title='bbox 804 2316 831 2361; x_wconf 91' lang='lat' dir='ltr'><em>et</em></span> <span class='ocrx_word' id='word_1_176' title='bbox 855 2305 962 2382; x_wconf 75' lang='lat' dir='ltr'><em>supere,</em></span> <span class='ocrx_word' id='word_1_177' title='bbox 986 2307 1051 2382; x_wconf 84' lang='lat' dir='ltr'><em>quia</em></span> <span class='ocrx_word' id='word_1_178' title='bbox 1076 2318 1107 2363; x_wconf 94' lang='lat' dir='ltr'><em>ut</em></span> <span class='ocrx_word' id='word_1_179' title='bbox 1130 2308 1229 2385; x_wconf 84' lang='lat' dir='ltr'><em>nipere</em></span> <span class='ocrx_word' id='word_1_180' title='bbox 1251 2327 1332 2365; x_wconf 89' lang='lat' dir='ltr'><em>rum·</em></span> <span class='ocrx_word' id='word_1_181' title='bbox 1345 2326 1381 2363; x_wconf 69' lang='grc' dir='ltr'><em>πο</em></span> 
     </span>
     <span class='ocr_line' id='line_1_22' title="bbox 340 2394 1332 2473; baseline 0.001 -22"><span class='ocrx_word' id='word_1_182' title='bbox 340 2406 441 2473; x_wconf 87' lang='lat' dir='ltr'><em>pentes</em></span> <span class='ocrx_word' id='word_1_183' title='bbox 465 2395 577 2451; x_wconf 85' lang='lat' dir='ltr'><em>uiscera</em></span> <span class='ocrx_word' id='word_1_184' title='bbox 594 2405 722 2450; x_wconf 91' lang='lat' dir='ltr'><em>matrum</em></span> <span class='ocrx_word' id='word_1_185' title='bbox 743 2404 912 2464; x_wconf 88' lang='lat' dir='ltr'><em>nascuntur,</em></span> <span class='ocrx_word' id='word_1_186' title='bbox 935 2394 977 2450; x_wconf 89' lang='lat' dir='ltr'><em>sic</em></span> <span class='ocrx_word' id='word_1_187' title='bbox 1000 2404 1027 2449; x_wconf 89' lang='lat' dir='ltr'><em>et</em></span> <span class='ocrx_word' id='word_1_188' title='bbox 1049 2405 1184 2453; x_wconf 91' lang='lat' dir='ltr'><em>auctores</em></span> <span class='ocrx_word' id='word_1_189' title='bbox 1198 2396 1332 2453; x_wconf 82' lang='lat' dir='ltr'><em>heresum</em></span> 
     </span>
     <span class='ocr_line' id='line_1_23' title="bbox 346 2480 1333 2560; baseline 0.003 -23"><span class='ocrx_word' id='word_1_190' title='bbox 346 2493 512 2558; x_wconf 87' lang='lat' dir='ltr'><em>rumpentes</em></span> <span class='ocrx_word' id='word_1_191' title='bbox 535 2482 630 2559; x_wconf 81' lang='lat' dir='ltr'><em>fidem</em></span> <span class='ocrx_word' id='word_1_192' title='bbox 664 2480 769 2536; x_wconf 87' lang='lat' dir='ltr'><em>matris</em></span> <span class='ocrx_word' id='word_1_193' title='bbox 801 2481 921 2537; x_wconf 89' lang='lat' dir='ltr'><em>ecclesie</em></span> <span class='ocrx_word' id='word_1_194' title='bbox 949 2494 1157 2558; x_wconf 87' lang='lat' dir='ltr'><em>processerunt</em></span> <span class='ocrx_word' id='word_1_195' title='bbox 1184 2484 1224 2538; x_wconf 94' lang='lat' dir='ltr'><em>ad</em></span> <span class='ocrx_word' id='word_1_196' title='bbox 1246 2484 1333 2560; x_wconf 92' lang='lat' dir='ltr'><em>prin-</em></span> 
     </span>
     <span class='ocr_line' id='line_1_24' title="bbox 345 2565 1430 2649; baseline 0.001 -24"><span class='ocrx_word' id='word_1_197' title='bbox 345 2571 481 2645; x_wconf 90' lang='lat' dir='ltr'><em>cipatum.</em></span> <span class='ocrx_word' id='word_1_198' title='bbox 503 2565 508 2649; x_wconf 78' lang='grc' dir='ltr'>Ι</span> <span class='ocrx_word' id='word_1_199' title='bbox 1361 2583 1430 2639; x_wconf 76' lang='lat'><em>4¹²⁸</em></span> 
     </span>
     <span class='ocr_line' id='line_1_25' title="bbox 394 2654 1332 2736; baseline 0.001 -24"><span class='ocrx_word' id='word_1_200' title='bbox 394 2657 547 2725; x_wconf 82' lang='lat' dir='ltr'><em>Quomodo</em></span> <span class='ocrx_word' id='word_1_201' title='bbox 562 2655 692 2733; x_wconf 76' lang='lat' dir='ltr'><em>fugietis</em></span> <span class='ocrx_word' id='word_1_202' title='bbox 714 2673 732 2711; x_wconf 91' lang='lat' dir='ltr'><em>a</em></span> <span class='ocrx_word' id='word_1_203' title='bbox 756 2654 861 2711; x_wconf 91' lang='lat' dir='ltr'><em>iudicio</em></span> <span class='ocrx_word' id='word_1_204' title='bbox 884 2655 1039 2732; x_wconf 78' lang='lat' dir='ltr'><em>gehenne?</em></span> <span class='ocrx_word' id='word_1_205' title='bbox 1069 2656 1219 2713; x_wconf 84' lang='lat' dir='ltr'><em>Ecclesias</em></span> <span class='ocrx_word' id='word_1_206' title='bbox 1251 2657 1332 2736; x_wconf 81' lang='lat' dir='ltr'><em>edifi-</em></span> 
     </span>
     <span class='ocr_line' id='line_1_26' title="bbox 345 2742 1377 2820; baseline 0.001 -20"><span class='ocrx_word' id='word_1_207' title='bbox 345 2755 443 2800; x_wconf 85' lang='lat' dir='ltr'><em>cantes</em></span> <span class='ocrx_word' id='word_1_208' title='bbox 471 2762 526 2799; x_wconf 93' lang='lat' dir='ltr'><em>non</em></span> <span class='ocrx_word' id='word_1_209' title='bbox 548 2743 740 2800; x_wconf 87' lang='lat' dir='ltr'><em>ecclesiastice</em></span> <span class='ocrx_word' id='word_1_210' title='bbox 756 2742 887 2798; x_wconf 83' lang='lat' dir='ltr'><em>ueritatis</em></span> <span class='ocrx_word' id='word_1_211' title='bbox 899 2742 988 2815; x_wconf 86' lang='lat' dir='ltr'><em>fidem</em></span> <span class='ocrx_word' id='word_1_212' title='bbox 1009 2754 1145 2816; x_wconf 87' lang='lat' dir='ltr'><em>tenentes,</em></span> <span class='ocrx_word' id='word_1_213' title='bbox 1168 2743 1333 2820; x_wconf 89' lang='lat' dir='ltr'><em>scripturas</em></span> <span class='ocrx_word' id='word_1_214' title='bbox 1345 2751 1377 2801; x_wconf 79' lang='lat'><em>25</em></span> 
     </span>
     <span class='ocr_line' id='line_1_27' title="bbox 346 2830 1334 2909; baseline 0.001 -22"><span class='ocrx_word' id='word_1_215' title='bbox 346 2832 484 2909; x_wconf 78' lang='lat' dir='ltr'><em>legentes,</em></span> <span class='ocrx_word' id='word_1_216' title='bbox 509 2848 564 2886; x_wconf 94' lang='lat' dir='ltr'><em>non</em></span> <span class='ocrx_word' id='word_1_217' title='bbox 585 2830 741 2905; x_wconf 87' lang='lat' dir='ltr'><em>scripturis</em></span> <span class='ocrx_word' id='word_1_218' title='bbox 762 2831 922 2901; x_wconf 88' lang='lat' dir='ltr'><em>credentes,</em></span> <span class='ocrx_word' id='word_1_219' title='bbox 947 2830 1112 2906; x_wconf 88' lang='lat' dir='ltr'><em>prophetas</em></span> <span class='ocrx_word' id='word_1_220' title='bbox 1134 2841 1162 2887; x_wconf 90' lang='lat' dir='ltr'><em>et</em></span> <span class='ocrx_word' id='word_1_221' title='bbox 1183 2831 1334 2908; x_wconf 90' lang='lat' dir='ltr'><em>apostolos</em></span> 
     </span>
     <span class='ocr_line' id='line_1_28' title="bbox 346 2917 1333 2999; baseline -0.001 -24"><span class='ocrx_word' id='word_1_222' title='bbox 346 2928 372 2975; x_wconf 90' lang='lat' dir='ltr'><em>et</em></span> <span class='ocrx_word' id='word_1_223' title='bbox 396 2930 549 2999; x_wconf 76' lang='lat' dir='ltr'><em>martyres</em></span> <span class='ocrx_word' id='word_1_224' title='bbox 572 2917 761 2989; x_wconf 87' lang='lat' dir='ltr'><em>nominantes,</em></span> <span class='ocrx_word' id='word_1_225' title='bbox 795 2935 849 2973; x_wconf 94' lang='lat' dir='ltr'><em>non</em></span> <span class='ocrx_word' id='word_1_226' title='bbox 879 2935 968 2994; x_wconf 86' lang='lat' dir='ltr'><em>opera</em></span> <span class='ocrx_word' id='word_1_227' title='bbox 992 2927 1163 2996; x_wconf 78' lang='lat' dir='ltr'><em>martyrum</em></span> <span class='ocrx_word' id='word_1_228' title='bbox 1187 2918 1333 2975; x_wconf 85' lang='lat' dir='ltr'><em>imitantes</em></span> 
     </span>
     <span class='ocr_line' id='line_1_29' title="bbox 346 3004 1336 3082; baseline 0.001 -22"><span class='ocrx_word' id='word_1_229' title='bbox 346 3024 396 3061; x_wconf 88' lang='lat' dir='ltr'><em>nec</em></span> <span class='ocrx_word' id='word_1_230' title='bbox 420 3005 616 3080; x_wconf 86' lang='lat' dir='ltr'><em>confessiones</em></span> <span class='ocrx_word' id='word_1_231' title='bbox 647 3023 748 3060; x_wconf 88' lang='lat' dir='ltr'><em>eorum</em></span> <span class='ocrx_word' id='word_1_232' title='bbox 773 3016 929 3079; x_wconf 83' lang='lat' dir='ltr'><em>sequentes.</em></span> <span class='ocrx_word' id='word_1_233' title='bbox 970 3004 1031 3061; x_wconf 90' lang='lat' dir='ltr'><em>Nec</em></span> <span class='ocrx_word' id='word_1_234' title='bbox 1052 3005 1176 3061; x_wconf 81' lang='lat' dir='ltr'><em>audistis</em></span> <span class='ocrx_word' id='word_1_235' title='bbox 1198 3023 1262 3061; x_wconf 91' lang='lat' dir='ltr'><em>eum</em></span> <span class='ocrx_word' id='word_1_236' title='bbox 1285 3006 1336 3082; x_wconf 82' lang='lat' dir='ltr'><em>qui</em></span> 
     </span>
     <span class='ocr_line' id='line_1_30' title="bbox 347 3091 1334 3167; baseline 0.003 -21"><span class='ocrx_word' id='word_1_237' title='bbox 347 3092 431 3148; x_wconf 87' lang='lat' dir='ltr'><em>dicit:</em></span> <span class='ocrx_word' id='word_1_238' title='bbox 454 3094 520 3148; x_wconf 88' lang='lat' dir='ltr'><em>Non</em></span> <span class='ocrx_word' id='word_1_239' title='bbox 537 3109 634 3147; x_wconf 93' lang='lat' dir='ltr'><em>omnes</em></span> <span class='ocrx_word' id='word_1_240' title='bbox 657 3092 706 3166; x_wconf 84' lang='lat' dir='ltr'><em>qui</em></span> <span class='ocrx_word' id='word_1_241' title='bbox 728 3091 825 3147; x_wconf 92' lang='lat' dir='ltr'><em>dicunt</em></span> <span class='ocrx_word' id='word_1_242' title='bbox 849 3092 951 3147; x_wconf 82' lang='lat' dir='ltr'><em>michi:</em></span> <span class='ocrx_word' id='word_1_243' title='bbox 973 3092 1108 3167; x_wconf 89' lang='lat' dir='ltr'><em>Domine,</em></span> <span class='ocrx_word' id='word_1_244' title='bbox 1133 3092 1267 3161; x_wconf 88' lang='lat' dir='ltr'><em>Domine,</em></span> <span class='ocrx_word' id='word_1_245' title='bbox 1290 3093 1334 3149; x_wconf 93' lang='lat' dir='ltr'><em>in·</em></span> 
     </span>
     <span class='ocr_line' id='line_1_31' title="bbox 346 3177 1379 3256; baseline 0.001 -22"><span class='ocrx_word' id='word_1_246' title='bbox 346 3180 465 3235; x_wconf 89' lang='lat' dir='ltr'><em>trabunt</em></span> <span class='ocrx_word' id='word_1_247' title='bbox 493 3180 521 3234; x_wconf 95' lang='lat' dir='ltr'><em>in</em></span> <span class='ocrx_word' id='word_1_248' title='bbox 550 3197 674 3256; x_wconf 80' lang='lat' dir='ltr'><em>regnum</em></span> <span class='ocrx_word' id='word_1_249' title='bbox 699 3177 840 3248; x_wconf 86' lang='lat' dir='ltr'><em>celorum,</em></span> <span class='ocrx_word' id='word_1_250' title='bbox 871 3179 924 3234; x_wconf 93' lang='lat' dir='ltr'><em>sed</em></span> <span class='ocrx_word' id='word_1_251' title='bbox 946 3178 995 3254; x_wconf 86' lang='lat' dir='ltr'><em>qui</em></span> <span class='ocrx_word' id='word_1_252' title='bbox 1008 3179 1128 3254; x_wconf 91' lang='lat' dir='ltr'><em>saciunt</em></span> <span class='ocrx_word' id='word_1_253' title='bbox 1152 3180 1330 3237; x_wconf 85' lang='lat' dir='ltr'><em>uoluntatem</em></span> <span class='ocrx_word' id='word_1_254' title='bbox 1344 3187 1379 3237; x_wconf 84' lang='lat'><em>30</em></span> 
     </span>
     <span class='ocr_line' id='line_1_32' title="bbox 343 3265 1334 3341; baseline 0.001 -20"><span class='ocrx_word' id='word_1_255' title='bbox 343 3267 439 3341; x_wconf 86' lang='lat' dir='ltr'><em>patris</em></span> <span class='ocrx_word' id='word_1_256' title='bbox 464 3267 527 3323; x_wconf 88' lang='lat' dir='ltr'><em>mei.</em></span> <span class='ocrx_word' id='word_1_257' title='bbox 553 3266 633 3322; x_wconf 88' lang='lat' dir='ltr'><em>Sicut</em></span> <span class='ocrx_word' id='word_1_258' title='bbox 656 3266 730 3322; x_wconf 90' lang='lat' dir='ltr'><em>enim</em></span> <span class='ocrx_word' id='word_1_259' title='bbox 755 3265 911 3320; x_wconf 91' lang='lat' dir='ltr'><em>Dominum</em></span> <span class='ocrx_word' id='word_1_260' title='bbox 929 3283 1027 3322; x_wconf 86' lang='lat' dir='ltr'><em>omnes</em></span> <span class='ocrx_word' id='word_1_261' title='bbox 1043 3277 1147 3322; x_wconf 86' lang='lat' dir='ltr'><em>vocant</em></span> <span class='ocrx_word' id='word_1_262' title='bbox 1170 3278 1197 3323; x_wconf 90' lang='lat' dir='ltr'><em>et</em></span> <span class='ocrx_word' id='word_1_263' title='bbox 1213 3267 1334 3324; x_wconf 88' lang='lat' dir='ltr'><em>Domini</em></span> 
     </span>
     <span class='ocr_line' id='line_1_33' title="bbox 347 3353 1332 3430; baseline 0.003 -22"><span class='ocrx_word' id='word_1_264' title='bbox 347 3372 402 3408; x_wconf 89' lang='lat' dir='ltr'><em>nnn</em></span> <span class='ocrx_word' id='word_1_265' title='bbox 435 3365 500 3409; x_wconf 79' lang='lat' dir='ltr'><em>stent</em></span> <span class='ocrx_word' id='word_1_266' title='bbox 533 3354 585 3410; x_wconf 89' lang='lat' dir='ltr'><em>sed</em></span> <span class='ocrx_word' id='word_1_267' title='bbox 610 3354 661 3429; x_wconf 82' lang='lat' dir='ltr'><em>qui</em></span> <span class='ocrx_word' id='word_1_268' title='bbox 686 3354 803 3430; x_wconf 75' lang='lat' dir='ltr'><em>faciunt</em></span> <span class='ocrx_word' id='word_1_269' title='bbox 832 3353 1008 3409; x_wconf 83' lang='lat' dir='ltr'><em>uoluntatem</em></span> <span class='ocrx_word' id='word_1_270' title='bbox 1037 3353 1166 3423; x_wconf 91' lang='lat' dir='ltr'><em>Domini,</em></span> <span class='ocrx_word' id='word_1_271' title='bbox 1211 3354 1253 3410; x_wconf 91' lang='lat' dir='ltr'><em>sic</em></span> <span class='ocrx_word' id='word_1_272' title='bbox 1276 3373 1332 3411; x_wconf 92' lang='lat' dir='ltr'><em>non</em></span> 
     </span>
     <span class='ocr_line' id='line_1_34' title="bbox 347 3441 1332 3521; baseline 0.003 -26"><span class='ocrx_word' id='word_1_273' title='bbox 347 3459 445 3497; x_wconf 72' lang='lat' dir='ltr'><em>&lt;triantes</em></span> <span class='ocrx_word' id='word_1_274' title='bbox 468 3441 517 3515; x_wconf 84' lang='lat' dir='ltr'><em>qui</em></span> <span class='ocrx_word' id='word_1_275' title='bbox 539 3441 566 3496; x_wconf 93' lang='lat' dir='ltr'><em>in</em></span> <span class='ocrx_word' id='word_1_276' title='bbox 592 3442 663 3497; x_wconf 91' lang='lat' dir='ltr'><em>locis</em></span> <span class='ocrx_word' id='word_1_277' title='bbox 684 3441 745 3498; x_wconf 88' lang='lat' dir='ltr'><em>suis</em></span> <span class='ocrx_word' id='word_1_278' title='bbox 764 3441 921 3517; x_wconf 73' lang='lat' dir='ltr'><em>predicant</em></span> <span class='ocrx_word' id='word_1_279' title='bbox 940 3442 1104 3517; x_wconf 84' lang='lat' dir='ltr'><em>prophetas</em></span> <span class='ocrx_word' id='word_1_280' title='bbox 1126 3452 1153 3497; x_wconf 94' lang='lat' dir='ltr'><em>et</em></span> <span class='ocrx_word' id='word_1_281' title='bbox 1169 3451 1332 3521; x_wconf 84' lang='lat' dir='ltr'><em>martyres,</em></span> 
     </span>
     <span class='ocr_line' id='line_1_35' title="bbox 348 3528 1331 3605; baseline 0.001 -22"><span class='ocrx_word' id='word_1_282' title='bbox 348 3528 405 3584; x_wconf 86' lang='lat' dir='ltr'><em>inm</em></span> <span class='ocrx_word' id='word_1_283' title='bbox 426 3547 483 3604; x_wconf 86' lang='lat' dir='ltr'><em>per</em></span> <span class='ocrx_word' id='word_1_284' title='bbox 506 3530 560 3584; x_wconf 82' lang='lat' dir='ltr'><em>hoc</em></span> <span class='ocrx_word' id='word_1_285' title='bbox 582 3539 649 3584; x_wconf 87' lang='lat' dir='ltr'><em>sunt</em></span> <span class='ocrx_word' id='word_1_286' title='bbox 672 3528 801 3584; x_wconf 90' lang='lat' dir='ltr'><em>cultores</em></span> <span class='ocrx_word' id='word_1_287' title='bbox 825 3547 936 3593; x_wconf 71' lang='lat' dir='ltr'><em>eorum„</em></span> <span class='ocrx_word' id='word_1_288' title='bbox 968 3528 1021 3584; x_wconf 88' lang='lat' dir='ltr'><em>sed</em></span> <span class='ocrx_word' id='word_1_289' title='bbox 1043 3529 1093 3602; x_wconf 83' lang='lat' dir='ltr'><em>qui</em></span> <span class='ocrx_word' id='word_1_290' title='bbox 1115 3546 1204 3605; x_wconf 86' lang='lat' dir='ltr'><em>opera</em></span> <span class='ocrx_word' id='word_1_291' title='bbox 1228 3546 1331 3585; x_wconf 91' lang='lat' dir='ltr'><em>eorum</em></span> 
     </span>
     <span class='ocr_line' id='line_1_36' title="bbox 347 3614 1378 3692; baseline 0.001 -23"><span class='ocrx_word' id='word_1_292' title='bbox 347 3616 499 3671; x_wconf 87' lang='lat' dir='ltr'><em>imitantur</em></span> <span class='ocrx_word' id='word_1_293' title='bbox 522 3627 549 3672; x_wconf 85' lang='lat' dir='ltr'><em>et</em></span> <span class='ocrx_word' id='word_1_294' title='bbox 564 3616 658 3692; x_wconf 84' lang='lat' dir='ltr'><em>fidem</em></span> <span class='ocrx_word' id='word_1_295' title='bbox 682 3627 849 3690; x_wconf 84' lang='lat' dir='ltr'><em>sequuntur.</em></span> <span class='ocrx_word' id='word_1_296' title='bbox 876 3618 938 3672; x_wconf 85' lang='lat' dir='ltr'><em>llec</em></span> <span class='ocrx_word' id='word_1_297' title='bbox 963 3614 1179 3672; x_wconf 76' lang='lat' dir='ltr'><em>crisostomus.</em></span> <span class='ocrx_word' id='word_1_298' title='bbox 1345 3638 1378 3691; x_wconf 80' lang='lat'><em>35</em></span> 
     </span>
     <span class='ocr_line' id='line_1_37' title="bbox 140 3701 1333 3781; baseline 0.003 -26"><span class='ocrx_word' id='word_1_299' title='bbox 140 3704 183 3756; x_wconf 74' lang='lat' dir='ltr'><em>&#39;ln</em></span> <span class='ocrx_word' id='word_1_300' title='bbox 188 3720 221 3745; x_wconf 40' lang='lat'><em>‘‘‘‘‘</em></span> <span class='ocrx_word' id='word_1_301' title='bbox 225 3704 329 3781; x_wconf 44' lang='lat' dir='ltr'><em>&#39;&#39;llll‘&#39;</em></span> <span class='ocrx_word' id='word_1_302' title='bbox 390 3702 516 3759; x_wconf 85' lang='lat' dir='ltr'><em>Videtur</em></span> <span class='ocrx_word' id='word_1_303' title='bbox 549 3701 638 3759; x_wconf 89' lang='lat' dir='ltr'><em>istum</em></span> <span class='ocrx_word' id='word_1_304' title='bbox 672 3717 811 3759; x_wconf 88' lang='lat' dir='ltr'><em>sanctum</em></span> <span class='ocrx_word' id='word_1_305' title='bbox 844 3702 892 3759; x_wconf 92' lang='lat' dir='ltr'><em>hic</em></span> <span class='ocrx_word' id='word_1_306' title='bbox 916 3705 1081 3776; x_wconf 83' lang='lat' dir='ltr'><em>reprobare</em></span> <span class='ocrx_word' id='word_1_307' title='bbox 1104 3702 1256 3777; x_wconf 82' lang='lat' dir='ltr'><em>ypocritas</em></span> <span class='ocrx_word' id='word_1_308' title='bbox 1280 3701 1333 3778; x_wconf 90' lang='lat' dir='ltr'><em>qui</em></span> 
     </span>
     <span class='ocr_line' id='line_1_38' title="bbox 140 3756 1334 3864; baseline 0.003 -20"><span class='ocrx_word' id='word_1_309' title='bbox 140 3764 206 3797; x_wconf 48' lang='grc' dir='ltr'><em>’ΜΝ</em></span> <span class='ocrx_word' id='word_1_310' title='bbox 223 3756 328 3799; x_wconf 53' lang='lat' dir='ltr'><em>&#39;&#39;mm‘&#39;</em></span> <span class='ocrx_word' id='word_1_311' title='bbox 347 3791 383 3847; x_wconf 61' lang='lat' dir='ltr'><em>ele</em></span> <span class='ocrx_word' id='word_1_312' title='bbox 409 3791 488 3847; x_wconf 83' lang='lat' dir='ltr'><em>lacto</em></span> <span class='ocrx_word' id='word_1_313' title='bbox 512 3803 581 3847; x_wconf 84' lang='lat' dir='ltr'><em>sunt</em></span> <span class='ocrx_word' id='word_1_314' title='bbox 610 3788 734 3848; x_wconf 80' lang='lat' dir='ltr'><em>heretici</em></span> <span class='ocrx_word' id='word_1_315' title='bbox 765 3803 793 3846; x_wconf 84' lang='lat' dir='ltr'><em>ct</em></span> <span class='ocrx_word' id='word_1_316' title='bbox 816 3790 884 3864; x_wconf 88' lang='lat' dir='ltr'><em>plus</em></span> <span class='ocrx_word' id='word_1_317' title='bbox 908 3792 1071 3864; x_wconf 84' lang='lat' dir='ltr'><em>reprobare</em></span> <span class='ocrx_word' id='word_1_318' title='bbox 1095 3790 1168 3847; x_wconf 86' lang='lat' dir='ltr'><em>istos</em></span> <span class='ocrx_word' id='word_1_319' title='bbox 1195 3790 1334 3847; x_wconf 87' lang='lat' dir='ltr'><em>occultos</em></span> 
     </span>
    </p>
   </div>
   <div class='ocr_carea' id='block_1_3' title="bbox 347 4129 1336 4333">
    <p class='ocr_par' dir='ltr' id='par_1_3' title="bbox 347 4129 1336 4333">
     <span class='ocr_line' id='line_1_39' title="bbox 349 4129 1336 4226; baseline -0.001 -50"><span class='ocrx_word' id='word_1_320' title='bbox 349 4185 352 4191; x_wconf 91' lang='lat'>.</span> <span class='ocrx_word' id='word_1_321' title='bbox 401 4145 428 4176; x_wconf 75' lang='lat'><em>1².</em></span> <span class='ocrx_word' id='word_1_322' title='bbox 444 4134 478 4176; x_wconf 89' lang='lat' dir='ltr'><em>A:</em></span> <span class='ocrx_word' id='word_1_323' title='bbox 494 4143 564 4226; x_wconf 69' lang='lat' dir='ltr'><em>inpar</em></span> <span class='ocrx_word' id='word_1_324' title='bbox 579 4130 666 4193; x_wconf 38' lang='lat' dir='ltr'><em>doust..</em></span> <span class='ocrx_word' id='word_1_325' title='bbox 719 4130 747 4174; x_wconf 78' lang='lat' dir='ltr'><em>o.</em></span> <span class='ocrx_word' id='word_1_326' title='bbox 763 4131 791 4174; x_wconf 81' lang='lat' dir='ltr'><em>B:</em></span> <span class='ocrx_word' id='word_1_327' title='bbox 806 4136 884 4195; x_wconf 67' lang='lat' dir='ltr'><em>autom</em></span> <span class='ocrx_word' id='word_1_328' title='bbox 897 4129 1047 4191; x_wconf 78' lang='lat' dir='ltr'><em>manducant.</em></span> <span class='ocrx_word' id='word_1_329' title='bbox 1108 4129 1336 4193; x_wconf 65' lang='lat' dir='ltr'><em>133.B:sediciatte,·</em></span> 
     </span>
     <span class='ocr_line' id='line_1_40' title="bbox 348 4180 1333 4245; baseline -0.001 -19"><span class='ocrx_word' id='word_1_330' title='bbox 348 4185 378 4227; x_wconf 76' lang='lat' dir='ltr'><em>sb.</em></span> <span class='ocrx_word' id='word_1_331' title='bbox 403 4185 431 4227; x_wconf 74' lang='grc' dir='ltr'><em>ΙΙε</em></span> <span class='ocrx_word' id='word_1_332' title='bbox 458 4196 510 4227; x_wconf 90' lang='lat' dir='ltr'><em>man</em></span> <span class='ocrx_word' id='word_1_333' title='bbox 529 4194 600 4245; x_wconf 73' lang='lat' dir='ltr'><em>ocare</em></span> <span class='ocrx_word' id='word_1_334' title='bbox 626 4195 694 4225; x_wconf 77' lang='lat' dir='ltr'><em>enim.</em></span> <span class='ocrx_word' id='word_1_335' title='bbox 767 4195 814 4243; x_wconf 82' lang='lat'>.¹9·</span> <span class='ocrx_word' id='word_1_336' title='bbox 839 4183 927 4227; x_wconf 55' lang='lat' dir='ltr'><em>noda:</em></span> <span class='ocrx_word' id='word_1_337' title='bbox 947 4194 1009 4243; x_wconf 83' lang='lat' dir='ltr'><em>¹sme</em></span> <span class='ocrx_word' id='word_1_338' title='bbox 1037 4181 1071 4225; x_wconf 88' lang='lat' dir='ltr'><em>ad</em></span> <span class='ocrx_word' id='word_1_339' title='bbox 1096 4186 1167 4226; x_wconf 79' lang='lat' dir='ltr'><em>uttam</em></span> <span class='ocrx_word' id='word_1_340' title='bbox 1188 4182 1238 4244; x_wconf 66' lang='lat' dir='ltr'><em>siue</em></span> <span class='ocrx_word' id='word_1_341' title='bbox 1259 4180 1333 4226; x_wconf 75' lang='lat' dir='ltr'><em>deest.</em></span> 
     </span>
     <span class='ocr_line' id='line_1_41' title="bbox 347 4233 1333 4331; baseline -0.003 -52"><span class='ocrx_word' id='word_1_342' title='bbox 347 4252 386 4331; x_wconf 46' lang='lat'><em>31&gt;</em></span> <span class='ocrx_word' id='word_1_343' title='bbox 407 4238 439 4281; x_wconf 77' lang='lat'><em>25.</em></span> <span class='ocrx_word' id='word_1_344' title='bbox 464 4238 498 4281; x_wconf 89' lang='lat' dir='ltr'><em>A:</em></span> <span class='ocrx_word' id='word_1_345' title='bbox 523 4234 665 4291; x_wconf 58' lang='lat' dir='ltr'><em>adplicantes.</em></span> <span class='ocrx_word' id='word_1_346' title='bbox 746 4242 781 4279; x_wconf 77' lang='lat' dir='ltr'><em>an.</em></span> <span class='ocrx_word' id='word_1_347' title='bbox 805 4238 838 4279; x_wconf 89' lang='lat' dir='ltr'><em>A:</em></span> <span class='ocrx_word' id='word_1_348' title='bbox 859 4240 883 4279; x_wconf 86' lang='lat' dir='ltr'><em>ct</em></span> <span class='ocrx_word' id='word_1_349' title='bbox 905 4234 1007 4277; x_wconf 76' lang='lat' dir='ltr'><em>omitted.</em></span> <span class='ocrx_word' id='word_1_350' title='bbox 1088 4233 1123 4276; x_wconf 74' lang='lat'><em>36.</em></span> <span class='ocrx_word' id='word_1_351' title='bbox 1152 4236 1173 4278; x_wconf 90' lang='lat' dir='ltr'>A</span> <span class='ocrx_word' id='word_1_352' title='bbox 1196 4246 1219 4277; x_wconf 79' lang='lat' dir='ltr'><em>sn</em></span> <span class='ocrx_word' id='word_1_353' title='bbox 1243 4245 1333 4289; x_wconf 75' lang='lat' dir='ltr'><em>murg.:</em></span> 
     </span>
     <span class='ocr_line' id='line_1_42' title="bbox 363 4300 474 4333; baseline 0 -2"><span class='ocrx_word' id='word_1_354' title='bbox 363 4300 474 4333; x_wconf 67' lang='lat' dir='ltr'><em>‘attium-s.</em></span> 
     </span>
    </p>
   </div>
   <div class='ocr_carea' id='block_1_4' title="bbox 402 4432 1055 4497">
    <p class='ocr_par' dir='ltr' id='par_1_4' title="bbox 402 4432 1055 4497">
     <span class='ocr_line' id='line_1_43' title="bbox 402 4432 1055 4497; baseline -0.012 -10"><span class='ocrx_word' id='word_1_355' title='bbox 402 4452 425 4487; x_wconf 80' lang='lat' dir='ltr'><em>a.</em></span> <span class='ocrx_word' id='word_1_356' title='bbox 446 4436 510 4485; x_wconf 77' lang='lat' dir='ltr'><em>(icti.</em></span> <span class='ocrx_word' id='word_1_357' title='bbox 532 4434 572 4495; x_wconf 84' lang='lat' dir='ltr'><em>lli,</em></span> <span class='ocrx_word' id='word_1_358' title='bbox 597 4434 634 4495; x_wconf 65' lang='lat' dir='ltr'><em>tin,</em></span> <span class='ocrx_word' id='word_1_359' title='bbox 657 4448 694 4497; x_wconf 71' lang='lat'><em>¹4·</em></span> <span class='ocrx_word' id='word_1_360' title='bbox 767 4436 806 4485; x_wconf 70' lang='grc' dir='ltr'><em>ΙΙΙ.</em></span> <span class='ocrx_word' id='word_1_361' title='bbox 827 4432 916 4484; x_wconf 79' lang='lat' dir='ltr'><em>Matth.</em></span> <span class='ocrx_word' id='word_1_362' title='bbox 937 4432 994 4494; x_wconf 87' lang='lat' dir='ltr'><em>Vll,</em></span> <span class='ocrx_word' id='word_1_363' title='bbox 1014 4445 1055 4480; x_wconf 69' lang='grc' dir='ltr'><em>αι.</em></span> 
     </span>
    </p>
   </div>
   <div class='ocr_carea' id='block_1_5' title="bbox 0 0 1556 5130">
    <p class='ocr_par' dir='ltr' id='par_1_5' title="bbox 0 0 1556 5130">
     <span class='ocr_line' id='line_1_44' title="bbox 0 0 1556 5130; baseline 0 0"><span class='ocrx_word' id='word_1_364' title='bbox 0 0 1556 5130; x_wconf 95' lang='lat' dir='ltr'><em> </em></span> 
     </span>
    </p>
   </div>
  </div>
 </body>
</html>
