3098 5130
171 1622 283 1665 Jerome's

142 1675 273 1729 exposition
289 1674 309 1715 is

156 1740 221 1769 some
236 1727 297 1768 what

168 1779 287 1822 confused.

151 2317 307 2373 chrysostom

148 2383 213 2412 more
228 2370 313 2425 plainly

157 2423 247 2477 applies
262 2422 299 2464 the

163 2482 209 2516 text
224 2481 248 2516 to
263 2475 300 2516 the

180 2527 241 2580 siege
256 2526 283 2569 ol

160 2579 296 2622 Jerusalem.

582 492 671 542 tirus
690 490 941 543 clunensium
963 490 1027 541 tin.
1047 492 1087 542 nt.
1130 471 1210 560 [err.
1225 484 1326 532 xxxv.

338 672 389 710 nec
421 672 544 729 querere
575 672 629 728 que
660 665 823 709 retrorsum
856 666 922 709 sunt
956 655 1008 711 sed
1043 671 1144 710 serere
1181 655 1209 710 in
1248 673 1330 732 agro

338 741 534 817 spiritualium
566 742 796 815 scripturarum,
830 752 860 795 ut
880 741 1004 815 fructus
1032 740 1183 816 capiamus
1215 758 1256 797 ex
1282 759 1329 811 eo,

339 847 389 884 uec
416 829 521 884 tollere
548 828 672 884 alterum
702 829 827 884 tritticum
857 846 942 902 quam
971 828 1098 904 apostoli
1125 829 1234 884 habere
1253 846 1329 904 pro·

339 916 481 974 hibentur.
508 915 553 971 De
573 916 628 971 hoe
649 915 721 985 loco,
739 917 835 983 idest,
854 916 889 970 de
904 915 1120 971 abominacione
1136 915 1331 972 desolacionis

339 1020 392 1077 que
419 1003 496 1058 dicta
524 1014 569 1058 est
596 1021 612 1057 e
636 1002 760 1058 Daniele
783 1004 930 1078 propheta
957 1013 1052 1058 stante
1080 1003 1108 1057 in
1140 1003 1204 1059 loco
1227 1008 1355 1059 sanctoi

339 1090 431 1144 multa
455 1090 647 1167 Porphyrius
670 1090 747 1144 XIII
769 1090 866 1166 operis
893 1089 939 1145 sui
967 1089 1111 1146 uolumine
1139 1101 1243 1146 contra
1276 1108 1330 1146 nos

340 1177 560 1253 blasphemavit,
594 1176 640 1233 cui
667 1176 809 1232 Eusebius
837 1177 1017 1233 Cesariensis
1050 1177 1202 1253 episcopus
1234 1177 1330 1233 tribus

341 1265 490 1339 respondit
522 1263 714 1320 uoluminibus
746 1264 856 1325 XVIII,
889 1264 963 1318 XIX
988 1275 1016 1320 et
1043 1265 1107 1319 XX.
1146 1263 1331 1339 Apollinaris

339 1369 450 1426 quoque
477 1351 595 1428 scripsit
619 1350 788 1426 plenissime
813 1351 1016 1426 superflueque
1047 1361 1167 1407 conatus
1200 1360 1243 1407 est
1271 1369 1329 1407 uno

341 1439 467 1514 capitulo
502 1438 574 1494 uelle
607 1438 753 1494 disserere
781 1438 817 1493 de
844 1455 898 1512 quo
927 1439 1013 1493 tarnis
1042 1455 1178 1494 uersuum
1201 1438 1330 1494 millibus
1343 1460 1374 1494 ιο

342 1526 519 1602 disputatum
543 1536 594 1582 est.
621 1527 683 1582 Hec
706 1526 895 1599 leronymus.

384 1613 510 1668 Videtur
538 1611 628 1668 istum
663 1625 801 1668 sanctum
831 1614 1061 1686 quodammodo
1093 1611 1218 1669 confuse
1246 1613 1330 1668 dete-

342 1718 411 1772 gere
444 1701 523 1755 hunc
555 1700 656 1755 locum
695 1698 916 1772 evangelicum:
956 1701 1008 1756 sed
1046 1698 1165 1756 videtur
1204 1699 1330 1756 innuere

343 1786 507 1843 Dominum
543 1788 725 1861 prophetare
759 1789 840 1860 quod
880 1786 1094 1843 abhominacio
1127 1786 1330 1844 desolacionis

344 1886 372 1930 et
404 1873 489 1947 signa
519 1887 619 1930 cetera
647 1892 706 1948 que
735 1886 903 1949 sequuntur
928 1887 1016 1930 erunt
1040 1873 1125 1947 signa
1154 1873 1268 1931 heresis
1296 1872 1373 1930 inti

344 1961 493 2018 militante
517 1961 644 2017 ecclesia
668 1975 889 2030 consummata,
919 1961 990 2036 quia
1015 1975 1078 2018 tota
1102 1960 1239 2034 predicta
1262 1979 1330 2017 sen-

343 2047 441 2105 tencia
467 2047 577 2105 Christi
603 2049 639 2104 de
664 2049 760 2104 heresi
777 2048 955 2104 Antichristi
979 2062 1041 2105 tam
1066 2048 1096 2104 in
1119 2049 1211 2105 verbo
1235 2066 1328 2123 quam

343 2154 434 2209 opere
467 2136 585 2191 videtur
619 2135 648 2191 in
677 2135 760 2191 dicto
789 2137 879 2192 verbo
905 2135 1027 2192 Domini
1057 2135 1263 2192 consummari
1294 2153 1329 2192 ac

343 2223 367 2278 si
393 2224 440 2279 ille
465 2223 541 2279 foret
567 2222 634 2278 linis
659 2222 791 2279 versucie
814 2222 1001 2280 Antichristi.

388 2311 473 2366 Unde
497 2310 701 2365 Crisostomus
725 2328 816 2383 super
841 2309 897 2365 isto
921 2324 1000 2365 textu
1025 2311 1117 2382 paulo
1141 2307 1262 2383 planius
1285 2308 1375 2366 sic20

343 2396 464 2454 ellatur:
489 2397 760 2453 :lihomiuacionem
786 2397 976 2453 desolacionis
1000 2397 1068 2452 dicit
1091 2415 1153 2453 esse
1169 2396 1328 2474 imaginem

342 2485 452 2540 cesaris
476 2503 561 2560 quam
587 2484 697 2539 Pilatus
718 2485 816 2559 posuit
836 2485 864 2539 in
886 2485 1004 2559 templo,
1030 2484 1127 2539 uerius
1148 2494 1243 2539 autem
1260 2483 1332 2559 quid

342 2573 379 2629 sit
409 2572 590 2628 abomt'neeio
624 2572 814 2627 desolacionis
837 2572 933 2627 Lucas
956 2571 1152 2647 Enattgelista
1185 2571 1330 2646 interpre-

343 2671 432 2715 tetur.
467 2660 543 2715 Nam
576 2660 604 2713 in
637 2676 691 2734 quo
725 2660 787 2715 loco
815 2659 939 2714 Murcus
970 2668 997 2713 et
1026 2676 1150 2733 presens
1182 2658 1332 2715 Mattheus

341 2758 467 2823 ponunt:
503 2748 575 2801 Cum
605 2747 737 2802 videritis
764 2747 1008 2801 olrinrtiuacionem
1034 2745 1235 2816 desolacionis,
1268 2745 1374 2819 ipsoei·

344 2835 407 2890 loco
425 2834 521 2890 Lucas
537 2834 578 2889 sic
592 2834 689 2908 ponit:
715 2834 787 2889 (jum
806 2833 938 2889 videritis
959 2833 1142 2888 circumdari
1155 2832 1331 2899 Ierusalem,

345 2933 412 2977 tunc
442 2921 544 2977 scitote
574 2921 641 2995 qnia
674 2921 918 2996 appropinquarit
944 2920 1089 2976 desolacio
1122 2920 1191 2976 eius.
1226 2919 1274 2975 Sic
1303 2930 1332 2975 et

345 3008 429 3064 dicit.-
465 3008 543 3064 Titne
565 3008 615 3083 qui
640 3008 667 3062 in
690 3008 783 3062 hidea
806 3019 881 3077 sient,
911 3006 1042 3063 videlicet
1071 3018 1101 3062 ut
1121 3024 1178 3083 per
1205 3006 1331 3062 alteram

344 3094 561 3151 similitudinem
591 3094 784 3170 deposicionis
812 3094 937 3150 eiusdem
968 3095 1025 3150 Ioci
1048 3095 1180 3150 ostendat
1202 3093 1273 3169 quid
1294 3093 1333 3148 sit

345 3182 524 3237 abominacio
553 3182 742 3238 desolacionis
770 3192 850 3238 stans
879 3183 906 3237 in
936 3181 999 3237 loca
1022 3192 1131 3237 sancto.
1164 3181 1234 3237 Fuit
1256 3180 1377 3237 enim3o

345 3269 492 3326 exercitus
516 3269 642 3324 Romani
664 3269 853 3345 imperatoris
880 3280 960 3325 stans
988 3268 1066 3326 circa
1089 3269 1254 3325 Jerusalem
1277 3284 1332 3344 que

346 3375 434 3432 usque
456 3368 523 3413 tunc
539 3357 648 3431 fuerat
669 3368 781 3415 sancta.
806 3357 868 3413 Hec
891 3367 918 3412 et
935 3357 1041 3412 Petrus
1056 3356 1136 3432 apud
1155 3355 1331 3412 Clementem

345 3445 472 3519 exponit,
497 3445 616 3520 denique
640 3445 715 3500 hanc
738 3461 799 3501 esse
822 3444 1067 3501 abominacionem
1092 3442 1282 3500 desolacionis
1305 3451 1333 3498 et

345 3532 406 3607 ipse
440 3543 538 3588 textus
571 3532 704 3590 ostendit.
739 3532 832 3598 Quasi
863 3531 1008 3607 replicans
1037 3530 1088 3585 illa
1116 3547 1171 3605 que
1197 3529 1332 3606 superius

347 3619 431 3689 dixit,
456 3620 585 3676 breviter
607 3619 827 3694 comprehendit
851 3629 877 3675 et
901 3618 986 3673 dicit:
1012 3617 1084 3673 Cum
1109 3635 1182 3695 ergo
1201 3615 1332 3673 sideritis
1344 3620 1376 3672 35

345 3707 590 3763 eborninacionem
609 3706 799 3763 desolacionis
814 3706 1028 3775 stantermhoc
1044 3715 1095 3776 est,
1119 3722 1183 3760 cum
1202 3702 1333 3760 videritis

346 3812 378 3849 eu
411 3794 475 3868 ipsa
504 3795 601 3870 prelio
635 3795 692 3849 iam
722 3793 833 3848 staucia
862 3793 940 3849 circii
964 3792 1127 3848 Ierusalem
1161 3809 1215 3868 que
1245 3801 1331 3846 antea

347 3880 495 3937 videbatis.

402 4184 431 4215 12.
451 4176 473 4215 Α
492 4173 514 4215 in
538 4184 623 4225 mure:
647 4170 771 4215 lohannes.
840 4178 872 4214 tu.
893 4172 924 4212 A:
948 4171 1050 4213 ecclesie.
1119 4183 1154 4212 eo.
1169 4170 1190 4212 A
1206 4169 1229 4211 ln
1245 4179 1332 4223 marga

348 4226 511 4267 lirisostmuus.

399 4383 423 4430 4.
445 4366 534 4416 hlntth.
553 4368 642 4427 XXIV,
667 4365 703 4415 ni.
820 4380 860 4413 21.
880 4367 931 4429 (lp.
951 4366 1015 4429 lmp.
1041 4366 1056 4413 l.
1076 4380 1097 4413 c.
1117 4380 1141 4428 p.
1161 4363 1212 4429 943
1231 4361 1333 4425 (cen).

350 4438 390 4485 23.
409 4440 511 4486 illucens
530 4437 593 4495 xlii,
618 4453 654 4497 ¹4·
677 4437 737 4484 luc.
759 4436 822 4495 XXl,
843 4433 875 4482 sti
