3098 5130
193 516 259 558 cnr.
276 501 392 583 mxiv-j
478 520 521 568 tn:
542 519 778 569 nn'rtcnnts‘ro
800 520 862 567 inu.
883 519 900 566 ι.
1328 507 1384 563 281

234 681 324 735 Arnen
349 680 413 735 dico
432 679 510 734 vobis
531 679 669 754 qttantdiu
693 691 745 734 etc.
771 679 878 734 Libera
903 697 954 734 nos
978 690 1042 734 erat
1066 679 1170 734 intelli·
1234 689 1335 733 Currere

190 767 292 843 gencia
310 767 387 840 qnod
404 766 430 820 in
447 767 527 821 annu
538 785 670 842 paupere
690 766 824 821 Christus
840 766 969 822 esuriens
989 776 1172 840 pasceretur,
1205 742 1365 846 ἳῇζῐᾞξὲῐᾚ

191 855 292 908 siciens
321 864 486 928 potaretur,
522 854 627 928 hospes
658 854 846 910 induceretur
874 855 900 909 in
925 854 1039 921 lectum,
1078 854 1173 909 nttdns
1249 846 1324 900 Wlffl-

192 941 355 1006 vestiretur,
379 940 512 1015 infirmus
533 941 711 1010 visitaretur,
737 941 854 997 clattsns
871 941 898 996 in
919 959 1039 997 carcere
1054 941 1173 996 liaberet

167 1023 330 1083 5solaciunt
347 1028 544 1102 colloquentis.
571 1028 630 1083 Sed
653 1045 692 1084 ex
715 1028 768 1084 ltoc
791 1029 868 1103 qnod
890 1028 1034 1102 sequitur:
1063 1028 1171 1095 Quant-

191 1115 240 1169 diu
264 1115 384 1190 fecistis
422 1114 471 1169 uni
493 1132 532 1170 ex
560 1115 614 1171 hiis
638 1115 790 1190 fratribus
813 1115 885 1171 meis
912 1115 1047 1182 minimis,
1087 1115 1175 1170 michi

191 1203 317 1276 fecistis,
350 1221 406 1258 non
440 1201 527 1257 miclri
553 1203 735 1279 generaliter
759 1203 874 1257 videtur
905 1202 1015 1258 dixisse
1043 1203 1078 1257 de
1099 1220 1172 1278 pau·

187 1290 307 1364 peribus
338 1291 390 1345 sed
423 1290 457 1344 de
491 1289 546 1344 ltiis
568 1290 618 1365 qui
637 1307 783 1364 pauperes
814 1289 920 1364 spiritu
952 1290 1081 1345 suntad
1104 1306 1174 1364 quos

191 1377 350 1432 extendens
373 1395 475 1432 manus
492 1377 627 1432 dixerat:
650 1377 750 1431 Mater
771 1394 834 1431 tnea
858 1388 884 1432 et
899 1378 1020 1451 fratres
1044 1377 1108 1447 ntei,
1132 1376 1175 1430 ltii

152 1475 256 1519 10snnt
279 1465 328 1539 qni
342 1464 463 1538 jaciunt
487 1464 661 1518 voluntatem
683 1463 781 1538 patris
805 1464 868 1518 mei.
901 1465 962 1520 Hec
985 1466 1173 1536 leronymus

233 1551 359 1607 Videtur
383 1569 417 1607 ex
442 1552 497 1607 bac
522 1551 581 1607 fide
606 1564 633 1606 et
657 1569 746 1607 sensu
771 1550 923 1624 ieronymi
948 1552 1030 1625 quod
1055 1570 1114 1606 non
1140 1569 1172 1605 ex

192 1639 248 1694 hoc
272 1638 482 1694 accumulatur
508 1636 648 1694 meritum
666 1637 762 1694 eciam
780 1637 987 1711 predestinato
1005 1639 1085 1711 quod
1103 1637 1174 1693 lacit

191 1725 248 1781 ista
272 1744 320 1781 sen
344 1743 435 1799 opera
456 1724 663 1781 misericordie
688 1725 810 1782 cuilibet
839 1725 996 1799 indigenti,
1021 1724 1091 1799 quia
1115 1737 1174 1780 stat

191 1812 452 1886 quod-prescitus
476 1813 526 1887 qui
552 1827 596 1868 est
622 1815 791 1868 membrum
818 1812 931 1869 diaboli
959 1812 997 1868 sit
1021 1813 1107 1868 valde
1131 1812 1174 1867 in-

152 1899 295 1973 diligens
328 1913 357 1956 et
380 1902 418 1956 ad
443 1900 683 1956 destruccionem
719 1899 843 1956 ecclesie
868 1900 979 1974 accipit
1003 1900 1060 1956 ista
1084 1902 1173 1956 bona.

191 1988 249 2042 Sed
273 2005 331 2061 que
349 2006 421 2060 rogo
439 1987 593 2044 evidencia
617 1987 641 2043 si
667 1988 758 2043 homo
781 1986 875 2043 nutrit
900 2007 993 2044 unum
1019 1987 1173 2044 diabolum

191 2073 285 2129 filium
310 2073 487 2130 Antichristi
510 2073 573 2148 (qui
598 2088 642 2130 est
666 2074 759 2130 hostis
782 2077 850 2130 Jesu
880 2093 912 2131 ex
941 2094 995 2131 sua
1019 2073 1174 2144 stulticia),

191 2160 313 2217 nomine
336 2164 405 2217 lesu
429 2161 524 2217 nostri
549 2162 599 2235 qui
624 2161 661 2217 sit
685 2174 846 2234 propterca
872 2161 1085 2235 premiandus?

234 2250 320 2305 Unde
345 2250 401 2304 boc
425 2249 612 2322 evangelium
638 2267 698 2304 non
723 2248 787 2304 sine
811 2267 902 2304 causa
920 2248 1047 2322 explicat
1065 2247 1173 2322 quibus
1193 2271 1244 2314 Tne
1259 2270 1381 2366 “imm

151 2336 253 2390 aovutt
277 2335 428 2404 beneficti,
453 2350 484 2391 ut
508 2335 614 2392 discoli
643 2336 849 2391 excludantur.
883 2336 1039 2404 Quamdiu,
1064 2334 1172 2410 inquit,
1215 2323 1360 2418 Ποῇζήῗζιω

190 2423 308 2496 fecistis
325 2424 374 2477 uni
389 2440 428 2479 ex
448 2422 503 2478 hiis
518 2423 672 2497 frutribus
688 2423 758 2478 meis
782 2422 918 2493 minimis,
944 2423 1031 2478 nticlri
1044 2423 1170 2497 sec-'stis

194 2509 249 2565 Ubi
284 2523 366 2583 patet
405 2528 438 2565 en
471 2509 582 2582 triplici
618 2509 749 2566 termino
781 2511 863 2584 quod
897 2509 1092 2583 predestinati
1122 2509 1173 2583 qui

192 2596 277 2669 egeni
311 2597 428 2652 fuerant
462 2595 490 2651 in
525 2598 582 2653 hoc
606 2598 708 2653 seculo
731 2596 911 2653 limitantur.
951 2600 1025 2653 Nam
1050 2596 1173 2671 presciti

191 2702 253 2739 non
277 2698 346 2740 sunt
371 2685 407 2739 de
431 2683 616 2757 cognacione
640 2683 764 2753 Christi,
798 2703 865 2740 cum
896 2703 929 2740 ex
958 2683 1173 2740 contrarietate

149 2770 178 2820 25
191 2772 380 2827 voluntatum
399 2790 460 2827 non
472 2785 542 2827 sunt
559 2772 676 2841 iratres,
701 2790 820 2827 sorores
845 2785 897 2827 aut
922 2784 1033 2826 matres
1050 2771 1172 2840 Christi,

190 2872 222 2913 ut
247 2860 284 2914 ad
308 2877 430 2914 sensum
455 2857 604 2932 evangelii
629 2858 754 2914 Mattbei
778 2860 841 2914 Xlll
872 2859 959 2932 plane
983 2871 1075 2931 patet.
1115 2860 1172 2914 Sed

190 2963 259 3000 cum
282 2964 344 3001 non
367 2945 404 3000 sit
422 2945 664 3003 communicacio
681 2945 792 3002 Christi
809 2948 848 3001 ad
864 2944 968 3016 Belial,
993 2959 1076 3019 patet
1092 2946 1173 3019 quod

191 3031 231 3086 bii
261 3046 330 3088 sunt
363 3052 380 3088 a
412 3033 534 3088 Christo
570 3032 699 3089 maxime
737 3032 838 3107 alieni,
877 3045 1085 3088 verumtamen
1114 3051 1174 3089 non

190 3120 288 3175 audeo
312 3137 456 3189 asserere,
490 3118 561 3194 quia
601 3119 821 3176 benefacientes
854 3119 949 3176 eciam
984 3119 1121 3193 prescitis
1146 3119 1175 3174 in

148 3209 179 3259 30
191 3205 300 3263 Christi
324 3205 456 3274 nomine,
489 3209 561 3262 dum
586 3206 763 3281 ignorancia
792 3206 1021 3263 excusacionem
1054 3206 1174 3280 accipit,

93 3313 157 3373 432⁸
190 3307 332 3367 poterunt
359 3291 362 3372 l
390 3293 567 3368 promereri.
606 3296 663 3351 Sed
698 3296 820 3369 quando
854 3307 935 3368 patet
968 3295 1049 3369 quod
1081 3296 1174 3350 homo

190 3380 300 3437 suflicit
324 3380 497 3437 meritorius
530 3381 730 3437 elemosinare
753 3381 839 3456 alios,
877 3400 938 3437 non
970 3381 1059 3437 video
1087 3399 1173 3462 excu-

190 3467 343 3524 sacionem
377 3467 407 3524 in
441 3467 580 3542 peccatis.
622 3471 658 3524 Et
691 3468 760 3524 hinc
799 3470 890 3524 credo
922 3470 1003 3542 quod
1038 3468 1173 3524 Christus

190 3554 325 3611 oneravit
364 3574 433 3611 suos
475 3556 628 3628 apostolos
670 3573 737 3611 cum
783 3554 847 3611 istis
879 3554 1021 3628 operibus
1060 3554 1174 3611 miseri-

148 3642 178 3692 35
191 3642 293 3697 cordie
317 3641 494 3716 corporalis,
519 3644 571 3697 sed
589 3661 657 3698 cum
675 3655 790 3716 septem
808 3642 950 3716 operibus
966 3640 1174 3715 spiritualibus

192 3727 396 3785 misericordie
431 3728 603 3803 pocioribus
639 3743 667 3784 et
696 3728 881 3785 facilioribus
914 3731 951 3785 ad
976 3729 1174 3802 implendum,

191 3817 283 3872 homo
318 3829 420 3872 tamen
445 3829 543 3890 potest
574 3835 606 3872 ex
631 3816 863 3873 conversacione
896 3830 925 3871 et
957 3815 1099 3889 operibus
1131 3816 1173 3873 in·

192 3902 362 3976 digencium
396 3903 546 3977 probabili
582 3903 756 3960 coniectura
791 3921 985 3977 cognoscere,
1024 3903 1076 3977 qui
1105 3917 1174 3959 sunt

192 3988 246 4045 filii
265 3989 319 4046 Dei
343 3988 529 4066 imitacione,
553 4004 582 4047 et
605 3990 663 4047 ista
686 3990 801 4047 noticia
825 4010 892 4047 cum
911 3989 978 4047 aliis
1001 3989 1113 4046 sufficit
1136 3992 1174 4046 ad

145 4077 268 4147 4obanc
293 4077 481 4150 corporalem
500 4077 696 4135 elemosinam
715 4078 956 4151 adimplendum.
981 4076 1048 4134 Alia
1072 4091 1172 4134 autern

243 4344 267 4375 ιι.
284 4334 305 4375 Α
321 4344 343 4374 ιιι
359 4345 445 4386 ιιιειις.ε
460 4333 587 4376 latrantres.
678 4332 765 4388 37—38.
781 4335 815 4376 A:
830 4331 983 4389 indigentum.

241 4476 265 4525 ιι.
286 4460 364 4508 Marci
385 4459 425 4521 lll,
446 4459 556 4512 33—35.
576 4461 647 4509 Luca
667 4460 731 4522 Vlll,
753 4475 793 4510 21.
