3098 5130
580 482 671 535 orus
688 482 942 536 evnnomlcuu
963 483 1027 534 tm.
1045 483 1087 535 111.
1100 462 1185 551 [can.
1199 477 1333 527 xxxvm.

385 648 422 702 Et
456 649 495 703 ad
526 646 607 703 idem
642 646 724 703 vadit
758 646 914 721 multiplex
947 665 1019 721 pars
1045 645 1205 721 scripture,
1245 648 1332 721 quod

342 745 491 807 repugnat
507 732 609 808 papali
631 734 724 791 statui
754 735 792 791 ad
808 735 998 809 peccandum
1016 747 1046 791 et
1063 732 1167 791 multis
1182 733 1332 808 operibus

341 818 400 876 vite
427 838 490 878 sue.
523 823 599 877 Nam
625 822 705 878 Luce
729 822 777 891 Xl,
805 820 841 878 33
872 820 945 878 dicit
970 819 1123 879 Christus:
1156 821 1251 878 Nemo
1280 838 1333 878 ac-

340 907 437 963 cendit
470 907 619 965 lucernam
652 920 680 965 et
708 918 799 985 ponat
827 926 890 964 eom
920 909 947 964 in
971 908 1141 965 abscondito
1163 925 1254 984 neque
1275 910 1331 966 sub

341 994 438 1052 modt'o
460 996 515 1052 sed
536 1013 626 1072 super
648 995 856 1053 candelabrum
881 995 983 1072 utqui
1005 995 1216 1074 ingrediuntur
1231 995 1357 1058 lumen5

341 1081 457 1138 videant
488 1094 540 1138 etc.
573 1085 746 1140 Secundum
784 1082 1005 1158 exposicionem
1047 1083 1166 1140 fidelem
1203 1082 1330 1140 lucerna

342 1168 398 1226 ista
422 1182 466 1226 est
490 1188 599 1244 corpus
624 1169 756 1227 hominis
780 1183 808 1227 et
830 1171 956 1228 candela
980 1188 1108 1228 accensa
1124 1169 1188 1228 eius
1204 1169 1331 1244 spiritus

340 1255 494 1330 sapiencia
518 1257 692 1331 evangelica
715 1257 891 1319 illustratus.
916 1259 1017 1316 Homo
1040 1270 1141 1315 autem
1159 1258 1331 1314 accendens

341 1342 429 1401 istam
457 1345 614 1402 lucernam
643 1358 687 1402 est
717 1344 888 1402 necessario
916 1344 1058 1402 dominus
1080 1348 1166 1402 Jesus
1189 1344 1330 1402 Christus

340 1430 392 1506 qui
415 1450 477 1488 non
501 1445 602 1506 potest
624 1431 715 1489 istum
740 1432 831 1489 finem
856 1431 1023 1504 intendere,
1057 1445 1090 1490 ut
1118 1431 1176 1490 ista
1203 1431 1375 1494 lucernam

340 1517 465 1576 omnino
498 1518 623 1576 ecclesie
658 1521 863 1577 abscondatur
893 1520 940 1576 vel
972 1532 1006 1576 ut
1040 1520 1090 1577 lux
1131 1519 1257 1577 candele
1289 1520 1330 1576 ad

340 1605 468 1680 gloriam
493 1606 649 1681 propriam
674 1608 720 1664 vel
743 1607 862 1663 lucrum
887 1605 981 1663 seculi
1005 1607 1191 1678 reflectatur,
1219 1607 1272 1664 sed
1296 1618 1329 1663 ut

340 1693 463 1751 lucerna
495 1692 552 1750 ista
585 1695 715 1767 pendeat
746 1694 793 1751 vel
825 1707 955 1768 ponatur
987 1712 1079 1769 super
1111 1694 1328 1752 candelabrum

341 1793 393 1836 aut
420 1779 451 1836 in
479 1781 546 1837 loco
571 1780 704 1855 publico,
731 1795 764 1837 ut
788 1780 972 1838 intrantibus
1000 1781 1031 1838 in
1054 1783 1180 1840 domum
1204 1778 1331 1838 ecclesie

144 1876 311 1920 ttonaniclife
343 1867 435 1924 libere
467 1868 566 1925 luceat
597 1870 763 1925 secundum
799 1868 956 1926 veritatem
991 1867 1205 1944 evangelicam.
1238 1870 1275 1925 Et
1303 1866 1373 1931 siri

154 1936 301 2026 coppppppsro
341 1973 403 2011 non
430 1953 461 2011 in
485 1954 543 2011 isto
567 1968 646 2012 textu
670 1956 842 2030 evangelico
866 1974 927 2013 non
950 1956 1059 2030 reperi,
1090 1955 1142 2012 ubi
1166 1953 1331 2030 anagorice

172 2035 286 2088 “milb-
343 2041 449 2098 inclusi
482 2041 513 2098 in
548 2041 699 2117 lapidibus
736 2044 782 2100 vel
821 2043 998 2101 claustrales
1035 2042 1067 2100 in
1104 2043 1170 2118 lege
1204 2040 1328 2099 Domini

342 2128 557 2201 fundarentur;
588 2143 616 2187 et
640 2149 708 2187 cum
740 2129 788 2187 bic
812 2149 874 2188 non
899 2130 1044 2187 fundatur
1067 2129 1123 2188 ista
1146 2128 1252 2205 religio
1275 2130 1329 2186 sed

341 2230 480 2291 patenter
511 2217 575 2273 eius
607 2217 793 2292 oppositum,
827 2231 909 2292 patet
938 2218 1021 2293 quod
1052 2236 1115 2275 non
1146 2230 1191 2275 est
1214 2215 1329 2274 Christi

343 2303 447 2378 religio
479 2323 572 2380 quam
604 2304 748 2362 describit
784 2307 914 2362 lacobus
947 2307 998 2362 sed
1037 2303 1144 2380 religio
1176 2302 1374 2367 diabolicam

340 2392 386 2448 vel
417 2392 584 2466 ypocritica
607 2411 665 2467 que
698 2394 735 2449 ab
763 2392 830 2467 ipso
863 2391 973 2449 dicitur
1001 2411 1076 2448 vana
1109 2392 1224 2471 religio.
1261 2392 1330 2448 Non

341 2490 444 2535 tamen
459 2498 537 2550 nego
553 2479 627 2554 quin
647 2478 715 2536 talis
731 2498 808 2536 vana
830 2478 936 2554 religio
957 2497 1012 2553 per
1027 2478 1168 2536 accidens
1184 2479 1329 2554 prodesse

341 2565 453 2639 poterit
476 2566 606 2637 furiosis,
632 2566 703 2642 quia
728 2566 926 2623 includuntur
946 2566 976 2623 in
998 2565 1149 2638 claustris,
1172 2565 1225 2641 qui
1240 2565 1329 2622 aliter

341 2671 448 2711 uxores
481 2653 616 2711 fidelium
650 2653 806 2725 violarent,
846 2655 926 2712 bona
965 2672 1135 2729 pauperum
1168 2671 1223 2727 per
1254 2670 1329 2727 ypo-

341 2739 441 2797 crisim
475 2740 592 2798 avidius
624 2753 843 2816 congregarent
875 2754 904 2798 et
935 2740 1038 2798 fideles
1062 2739 1214 2815 copiosius
1237 2739 1374 2804 truci-25

341 2829 447 2884 darent
481 2827 539 2884 nisi
572 2828 603 2884 in
637 2829 768 2886 claustro
800 2842 957 2903 tamquam
988 2827 1125 2904 ypocrite
1148 2826 1288 2885 absconsi
1311 2845 1330 2883 a

342 2913 480 2971 fidelibus
504 2913 668 2973 latitarent.

657 3119 762 3185 CAP.
785 3118 1005 3183 XXXVIII.

137 3274 318 3335 Ourleyennrsr
385 3266 491 3323 Adhuc
527 3278 619 3322 restat
653 3263 755 3322 videre
785 3267 822 3322 de
850 3262 985 3322 versucia
1014 3261 1169 3339 religionis
1197 3280 1276 3337 pape
1299 3275 1330 3319 et

132 3326 324 3421 δέυῗιῗξέξῆῑῖοξ
342 3353 478 3427 profectu
511 3372 563 3410 sue
591 3352 714 3424 fabrice,
747 3371 815 3409 cum
849 3364 964 3409 certum
1000 3349 1038 3407 sit
1065 3351 1164 3425 ipsum
1189 3368 1252 3406 esse
1275 3368 1329 3423 pa·
1341 3367 1376 3417 30

125 3430 330 3526 'iisierbiewohi'ily
341 3453 463 3498 tronum
503 3440 664 3497 cuiuslibet
706 3439 775 3497 talis
818 3438 970 3514 religionis
1012 3437 1142 3513 private;
1188 3436 1329 3495 Christus

175 3516 179 3523 ⁴
312 3517 443 3585 'autem
479 3527 608 3604 precipit
633 3530 711 3585 Luce
735 3529 790 3583 Xl⁰
814 3526 865 3583 ubi
897 3545 989 3600 supra
1021 3526 1099 3601 quod
1129 3524 1230 3583 oculus
1261 3534 1329 3581 tuus

340 3616 377 3672 sit
409 3616 546 3693 simplex,
581 3617 638 3673 boc
670 3627 724 3685 est,
760 3628 792 3670 ut
826 3612 960 3671 intencio
987 3627 1038 3670 tua
1067 3613 1105 3669 ad
1134 3610 1326 3669 serviendum

342 3705 405 3760 Deo
436 3704 476 3761 sit
498 3717 597 3773 recta;
630 3704 701 3758 dum
736 3715 837 3759 autem
872 3701 980 3771 honor,
1014 3699 1110 3775 gloria
1139 3699 1184 3756 vel
1208 3698 1327 3756 lucrum

340 3790 499 3866 proprium
523 3791 570 3848 vel
586 3788 714 3847 alicuius
731 3802 868 3846 creature
885 3787 1031 3862 queritur,
1056 3786 1153 3862 gloria
1169 3784 1223 3842 Dei
1244 3798 1328 3860 post·
1341 3806 1375 3858 35

340 3878 440 3953 posita
464 3877 567 3936 radius
591 3890 634 3934 est
659 3876 785 3934 reflexus
809 3889 837 3932 et
861 3895 922 3932 non
946 3874 1044 3931 tendit
1067 3873 1180 3932 directe
1205 3890 1326 3930 sursum

340 3967 378 4022 ad
408 3965 536 4041 gloriam
562 3965 616 4021 Dei
640 3963 696 4035 sui,
732 3976 761 4020 er
794 3981 862 4020 cum
898 3962 1000 4020 radius
1030 3961 1130 4036 gracie
1161 3973 1191 4018 et
1223 3958 1328 4017 radius

391 4171 411 4202 2.
426 4160 460 4202 A:
475 4159 511 4202 vel
539 4157 671 4201 errandum.
751 4155 771 4211 3,
793 4171 816 4209 4.
840 4159 874 4200 A:
889 4156 999 4218 accendit.
1093 4156 1114 4200 8.
1138 4155 1174 4199 A:
1198 4154 1327 4198 illustrans.

340 4211 497 4308 ἂσὲἱῃξοαὲ.
534 4209 663 4263 xx111,·ss:
679 4212 722 4264 38.
810 4221 845 4265 29.
860 4212 882 4254 Α
897 4222 920 4253 m
936 4221 1022 4264 marg:
1037 4206 1166 4253 Iohannes.
1234 4204 1267 4251 ³2.
1290 4207 1327 4250 A:

395 4370 431 4422 16.
451 4371 608 4437 anagorice.
628 4370 667 4420 Cf.
686 4371 725 4420 De
739 4369 831 4422 officis
848 4371 927 4436 Regis
946 4385 1004 4435 pag.
1028 4368 1083 4431 165,
1101 4370 1119 4419 l.
1139 4370 1171 4421 30
1184 4367 1235 4418 and
1254 4375 1326 4419 note.

341 4445 382 4496 32.
403 4443 489 4493 Lucae
507 4442 548 4502 xl,
570 4442 609 4504 34.
