3098 5130
207 481 276 525 cm.
292 466 377 550 xvii]
482 485 525 534 oe
547 485 782 534 nu'ttcumsto
805 486 867 532 ι,ιιι.
887 485 904 533 ι,

206 660 256 703 aut
276 666 332 724 per
349 646 506 721 fraudem,
530 645 592 720 quis
616 656 674 700 tam
699 645 859 702 insensatus
883 659 934 716 est,
958 658 988 702 ut
1012 666 1066 703 nou
1089 649 1192 705 iutelli-

204 747 257 813 gat
289 734 354 809 quia
388 751 442 789 nou
476 733 515 788 ad
536 732 666 809 gloriam
700 733 758 788 Dei
781 733 900 806 jaciunt
932 734 1043 811 edificia
1068 736 1118 792 illa
1141 734 1194 794 sed

202 833 328 899 propter
369 821 581 877 estimationem
625 821 809 876 humanam?
842 821 881 876 Et
925 823 1027 880 iniuste
1059 822 1194 900 edificant

207 909 374 980 memorias,
407 908 455 963 ubi
481 925 628 983 pauperes
662 908 831 964 violenciam
856 909 939 983 passi
969 911 1004 965 ab
1028 910 1069 967 eis
1091 921 1193 967 contra

182 1001 254 1054 ieos
278 995 474 1073 interpellant.
499 994 565 1051 Non
583 995 656 1051 euim
679 996 810 1072 gaudent
827 1006 991 1076 martyres,
1014 998 1131 1071 quando
1155 1016 1194 1055 ex

207 1085 265 1140 illis
293 1083 423 1159 pecuniis
455 1083 647 1152 honorantur,
676 1100 735 1158 pro
766 1083 868 1159 quibus
896 1102 1043 1160 pauperes
1062 1087 1192 1161 plorant.

211 1172 314 1240 Qualis
346 1181 387 1227 est
420 1169 471 1225 illa
503 1169 614 1225 iusticia
647 1188 804 1227 numerare
835 1183 967 1229 mortuos
990 1183 1017 1227 et
1041 1174 1194 1247 expoliare

208 1259 356 1315 uiuentes?
388 1258 434 1313 De
456 1257 599 1334 sanguine
626 1257 801 1314 miserorum
834 1258 938 1315 tollere
969 1269 996 1313 et
1025 1259 1088 1316 Deo
1120 1259 1195 1316 illud
1210 1255 1313 1351 &aab
1323 1255 1407 1350 ggssaff

207 1346 337 1422 offerre?
360 1345 438 1401 lllucl
460 1363 515 1400 non
539 1355 580 1400 est
606 1345 668 1400 Deo
692 1345 799 1420 offerre
821 1345 874 1402 sed
897 1345 971 1402 uelle
987 1346 1124 1402 violencie
1143 1366 1194 1403 sue
1235 1328 1378 1421 acconipticc

169 1434 315 1490 tosocium
341 1434 448 1508 jacere
483 1432 589 1502 Deum,
623 1443 653 1487 ut
684 1432 711 1487 si
744 1432 872 1488 oblatam
904 1433 959 1488 sibi
982 1434 1134 1509 pecuniam
1159 1434 1195 1490 tle
1249 1423 1367 1455 ΝΜ·

203 1533 324 1598 peccato
340 1520 462 1576 libenter
483 1518 637 1594 acceperit,
654 1520 815 1576 consenciat
831 1520 859 1575 iu
866 1533 996 1595 peccato.
1014 1521 1060 1577 Vis
1077 1523 1193 1577 domum

208 1609 265 1664 Dei
294 1606 454 1685 edificare?
485 1606 533 1661 Da
556 1605 697 1682 fidelibus
726 1608 904 1682 pauperibus
939 1609 1014 1664 tende
1047 1609 1144 1664 vivant
1167 1620 1194 1665 et

207 1694 349 1771 edificasti
379 1693 584 1750 racionabilem
610 1694 727 1749 domum
752 1695 817 1751 Dei.
847 1695 878 1750 In
903 1694 1022 1771 edificiis
1045 1696 1118 1751 enirn
1143 1697 1193 1751 lto-

207 1783 297 1838 mines
320 1782 459 1848 habitant,
483 1781 563 1837 Deus
586 1792 681 1837 autem
706 1782 734 1836 in
758 1782 919 1838 bominibus
940 1783 1058 1843 sanctis.
1087 1784 1195 1851 Quales

168 1878 194 1928 15
207 1888 280 1948 ergo
305 1869 349 1925 illi
369 1879 435 1925 sunt
458 1869 506 1943 qui
528 1869 658 1924 homines
680 1871 830 1944 expoliant
846 1881 873 1925 et
889 1870 1002 1948 edificia
1022 1883 1193 1949 martyrum

208 1957 351 2033 jaciunt?
373 1954 567 2012 habitaciones
590 1956 736 2012 hominum
754 1970 928 2032 componunt
945 1969 971 2013 et
988 1958 1194 2015 habitationem

207 2046 265 2100 Dei
273 2045 454 2100 exturbant?
468 2042 533 2098 lam
545 2060 619 2120 ergo
633 2061 671 2099 ex
680 2044 804 2119 antiquis
815 2045 992 2120 temporibus
1009 2046 1128 2101 morbus
1143 2047 1196 2101 iste

207 2133 234 2187 in
260 2131 421 2188 hominibus
444 2130 614 2187 habebatur.
639 2130 782 2187 Dicebant
805 2132 878 2188 enim
902 2132 982 2207 apud
1003 2150 1048 2188 se:
1072 2133 1105 2188 Si
1127 2132 1196 2189 bene

199 2219 364 2294 jecerimus
393 2218 581 2293 pauperibus,
616 2217 678 2291 quis
709 2218 784 2273 illud
815 2218 914 2274 vitiet?
942 2218 980 2273 Et
1012 2220 1039 2274 si
1061 2219 1194 2290 uiderint,

165 2330 196 2362 20
208 2325 263 2362 non
288 2306 372 2361 multi
395 2305 501 2374 vident,
526 2315 552 2359 et
567 2305 594 2360 si
608 2304 693 2360 multi
709 2305 844 2378 uiderint,
864 2324 923 2380 pro
942 2317 1072 2382 teutpore
1089 2306 1193 2364 vident.

198 2394 329 2448 'Transit
364 2393 438 2449 enim
471 2403 584 2467 teinpus
615 2403 642 2447 et
674 2393 780 2448 transit
812 2411 876 2448 cum
901 2404 1032 2469 ternpore
1054 2395 1197 2468 benefacti

208 2480 358 2537 memoria.
385 2480 487 2534 Nonne
510 2497 584 2556 ergo
608 2479 709 2535 melius
733 2479 845 2557 edificia
862 2480 996 2554 facimus
1021 2498 1075 2555 que
1098 2499 1196 2537 ornnes

206 2568 348 2644 aspiciunt
371 2585 425 2622 non
449 2567 542 2622 solum
568 2568 621 2622 hoc
644 2577 775 2642 ternpore
797 2569 848 2623 sed
869 2567 959 2624 eciam
982 2567 1197 2643 inposterum?

207 2656 283 2711 Nam
308 2655 445 2730 quamdiu
469 2652 612 2730 edificium
633 2665 798 2730 permanet,
822 2655 932 2710 tamdiu
956 2654 1116 2731 edificantis
1139 2674 1197 2711 me·

166 2744 301 2800 tintoria
337 2742 511 2798 nominatur.
553 2741 578 2795 Ο
605 2741 739 2817 insipiens
771 2742 867 2812 leonto,
902 2743 971 2817 auid
999 2742 1051 2798 tibi
1074 2742 1197 2817 prodest

204 2841 273 2905 post
301 2840 424 2885 mortem
454 2828 508 2883 ista
538 2829 688 2900 memoria,
716 2828 742 2885 si
764 2829 813 2885 ubi
839 2847 869 2885 es
892 2829 1076 2905 extorqueris
1100 2840 1127 2884 et
1150 2829 1198 2884 ubi

208 2937 262 2974 non
286 2935 315 2972 es
339 2915 494 2971 laudaris?
521 2915 607 2992 Ergo
635 2916 703 2971 dnm
726 2916 834 2973 ludeos
857 2917 995 2994 castigat,
1023 2917 1198 2973 christianos

208 3006 290 3061 docet
316 3003 451 3079 quoniam
480 3001 506 3058 si
532 3003 616 3058 iuxta
639 3003 698 3058 elia
727 3004 799 3060 bona
827 3003 939 3080 edificia
970 3015 1070 3060 sancta
1087 3004 1197 3078 fecerit

207 3093 293 3148 bomo
326 3091 554 3146 additamentum
584 3101 625 3145 est
652 3090 741 3147 bonis.
777 3091 810 3146 Si
839 3103 934 3147 autem
968 3104 1011 3148 est
1044 3092 1105 3147 siue
1131 3091 1197 3147 aliis

166 3205 198 3253 30
207 3178 341 3256 operibus
365 3178 454 3246 bonis,
475 3176 575 3252 passio
599 3190 641 3234 est
662 3178 762 3255 glorie
785 3180 936 3240 secularis.
961 3180 1024 3235 Hec
1048 3177 1197 3235 Crisosto-

210 3285 286 3323 mus.

252 3357 293 3409 Ex
317 3352 381 3409 istis
414 3365 497 3425 patet
522 3350 660 3407 fidelibus
684 3351 756 3426 quid
781 3351 837 3408 iste
864 3360 985 3410 sanctus
1009 3353 1137 3409 credidit
1161 3355 1197 3409 de

208 3441 277 3498 altis
302 3439 429 3496 edificiis
453 3453 481 3496 et
506 3438 664 3513 sepulcris3
698 3453 819 3514 oportet
847 3439 926 3496 enim
952 3442 1033 3514 quod
1058 3440 1113 3496 ista
1138 3459 1196 3514 que

209 3530 288 3585 ultra
322 3528 445 3583 modum
480 3526 601 3583 solitum
636 3540 774 3583 crescunt
806 3526 837 3582 in
870 3527 980 3584 nostris
1010 3526 1197 3602 temporibus

167 3618 341 3683 35hebeant
379 3613 543 3671 terminum
583 3631 635 3669 sue
668 3613 893 3671 destruccionis.
934 3614 1039 3671 Vocati
1073 3613 1196 3689 quidem

210 3702 438 3762 antonomatice
482 3700 679 3759 ecclesiastici
725 3701 820 3759 eciam
862 3701 1070 3758 Mendicantes
1115 3720 1196 3758 nunc
1233 3710 1379 3771 nendicans

117 3808 180 3864 411⁰
210 3810 302 3866 supra
343 3791 466 3846 modum
502 3788 647 3845 edificant
679 3802 707 3844 et
732 3789 922 3846 constituunt
946 3789 1002 3846 sibi
1023 3784 1027 3871 Ι
1049 3763 1413 3863 imaginesb¹¹¹¹d¹⁰⁰⁰¹¹¹⁰h'

210 3893 238 3936 et
263 3879 326 3935 sine
350 3876 443 3933 dubio
461 3865 529 3933 licet
554 3875 608 3951 ipsi
626 3875 841 3950 ignoraverunt
859 3877 984 3950 aliquid,
1011 3875 1196 3950 prenosticat

210 3967 344 4023 futurum
370 3965 399 4021 in
425 3964 551 4021 ecclesia
577 3963 734 4023 militante.
775 3963 993 4021 Possessionati
1018 3963 1141 4037 quidem
1167 3963 1197 4019 in

261 4237 281 4282 3.
296 4239 324 4281 tt:
341 4242 401 4283 etin
416 4241 482 4283 iuste.
537 4252 558 4288 a.
575 4238 652 4282 Recte:
668 4239 778 4292 edificant
792 4237 914 4292 martyria.
970 4250 991 4290 u.
1008 4236 1041 4278 A:
1057 4234 1200 4296 illucl'enim.¹

212 4304 242 4334 ιο.
257 4294 290 4333 Α;
306 4297 331 4334 ut
345 4303 402 4336 cum.
475 4293 506 4334 ui.
522 4291 689 4334 habitationes.
754 4300 785 4343 19.
806 4293 839 4332 A:
855 4288 947 4331 uiderit.
1007 4299 1041 4328 ιο.
1057 4289 1086 4329 A:
1100 4299 1120 4329 st
1134 4286 1198 4329 multi

209 4344 294 4385 vident.
362 4343 395 4388 23.
411 4347 443 4387 A:
461 4345 484 4387 t'n
499 4345 549 4386 ltoc.
604 4343 637 4386 28.
659 4342 860 4386 132tuxtaatcera
949 4351 984 4393 tu.
1009 4341 1041 4381 A:
1064 4344 1098 4381 est
1121 4340 1198 4381 belom

209 4396 259 4456 siue
273 4400 351 4490 dgcst:
375 4398 391 4438 B
411 4397 433 4438 in
449 4408 521 4449 marg.
538 4395 609 4438 addit.
691 4397 723 4438 32.
743 4394 802 4437 Ain
823 4391 1047 4446 marg‚:loltuuncs.
1115 4391 1196 4433 ben:

210 4459 269 4490 cutm
301 4456 356 4490 cest.
