3098 5130
126 455 185 511 288
556 465 680 514 oeents
699 465 910 515 evsnoemct
932 465 993 515 sto.
1010 465 1052 514 tv.
1211 445 1301 530 [ese.
1312 459 1334 503 1.

155 639 303 692 steanitngot
341 627 471 701 fratres,
495 645 550 682 nou
573 627 647 683 sicut
669 628 783 703 quidesse
801 628 979 699 existimant,
1007 628 1133 683 Grecum
1157 645 1262 684 nomeu
1285 638 1334 683 est

178 692 273 734 ΡΜ·
340 715 391 769 sed
409 714 571 769 Hebreurn:
587 714 832 790 opportunissime
847 726 942 771 tamen
959 715 1089 771 occurrit
1105 715 1133 769 in
1150 715 1204 770 ltoc
1214 715 1335 772 nomine

340 801 461 876 quedam
500 803 695 878 congruencia
720 814 910 877 utrarumque
934 802 1115 879 linguarum.
1152 801 1227 868 Quia
1251 802 1332 857 enim

337 888 437 963 passio
464 888 559 944 Grece
591 890 708 967 pasclty
732 889 849 958 dieitur,
884 890 948 945 ideo
969 890 1079 964 paselia
1100 889 1201 964 passio
1220 899 1333 964 putata

341 986 392 1043 est,
418 976 494 1030 uelut
518 976 572 1032 ltoc
589 994 689 1031 nomen
713 996 730 1032 a
751 978 879 1054 pasclts‘,
903 977 957 1031 ltoc
980 987 1031 1043 est,
1053 975 1189 1051 passione
1211 976 1249 1032 sit
1272 979 1360 1052 ap·5

338 1063 496 1137 pellatunt;
519 1063 547 1117 in
571 1082 622 1118 sua
639 1082 713 1141 ergo
737 1064 847 1141 lingua,
872 1064 925 1119 ltoc
941 1075 992 1133 est,
1016 1064 1044 1118 in
1062 1063 1190 1135 Hebrea,
1212 1064 1332 1120 Pascha

342 1150 481 1205 transitus
513 1150 630 1221 dicitur,
665 1162 824 1226 propterea
857 1151 922 1225 quia
947 1163 1014 1207 tttnc
1048 1150 1178 1225 primum
1214 1151 1332 1226 pascha

341 1237 497 1292 celebravi!
518 1238 645 1312 populus
669 1236 736 1308 Dei,
768 1238 884 1313 otiando
908 1256 947 1293 es·
970 1237 1080 1313 Egipto
1095 1238 1253 1314 fugientes
1277 1256 1331 1292 ru-

341 1325 425 1378 brum
444 1342 526 1379 intare
542 1325 731 1380 transierunt.
757 1325 841 1381 Nunc
857 1343 930 1401 ergo
946 1324 1054 1402 figura
1077 1325 1128 1380 illa
1149 1325 1331 1399 prophetica

341 1412 369 1465 in
395 1411 516 1466 ueritate
539 1412 681 1486 corttpleta
705 1423 757 1484 est,
781 1431 845 1467 cum
869 1412 942 1467 sicut
966 1412 1028 1467 ouis
1051 1413 1091 1466 ad
1113 1411 1328 1467 immolandum
1346 1431 1378 1465 ιο

342 1498 458 1553 ducitur
493 1499 628 1554 llltristus
659 1499 739 1555 cuius
766 1499 909 1576 sanguine
940 1499 1021 1554 illitis
1047 1498 1179 1574 postibus
1208 1498 1330 1565 nostris,

341 1586 371 1640 id
402 1597 454 1654 est,
488 1586 568 1641 euius
600 1587 685 1662 signo
718 1586 813 1642 crucis
843 1585 969 1663 signatis
992 1586 1146 1660 frontibus
1178 1585 1287 1641 nostris
1310 1603 1329 1640 a

338 1673 507 1746 perdicione
530 1673 615 1729 lunius
646 1673 738 1729 seculi
760 1685 907 1748 tamquam
932 1692 949 1728 a
973 1672 1141 1748 captivitate
1170 1673 1215 1728 uel
1237 1672 1330 1728 inter·

342 1760 488 1834 empcione
524 1760 649 1836 Egipcia
688 1761 849 1816 liberantur
887 1771 914 1814 et
945 1759 1064 1837 agimus
1100 1759 1329 1815 saluberrimum

342 1847 508 1913 transitum,
544 1865 607 1903 cum
632 1866 649 1902 a
674 1847 788 1903 diaholo
813 1847 973 1902 transimus
1000 1848 1040 1902 ad
1066 1847 1216 1903 Christum
1239 1856 1267 1902 et
1290 1847 1328 1901 ab
1344 1853 1372 1902 15

342 1933 396 1987 isto
420 1933 548 1989 instabili
568 1935 666 1990 seculo
690 1936 729 1989 ad
752 1934 812 1990 eius
828 1934 1072 2008 fundatissimum
1097 1952 1232 2012 regnunt.
1258 1933 1329 1990 Ideo

342 2020 445 2095 qnippe
467 2022 507 2075 ad
522 2021 617 2076 Deum
639 2032 858 2096 permanentem
883 2021 1052 2089 transimus,
1076 2040 1111 2077 ne
1133 2039 1197 2076 cum
1219 2021 1330 2076 mundo

341 2119 510 2163 transeunte
525 2120 718 2164 transeamus.
744 2109 789 2163 De
805 2108 860 2163 liae
877 2109 956 2164 uobis
979 2109 1085 2164 collata
1108 2107 1213 2184 gracia
1231 2107 1328 2163 Deum

343 2195 467 2250 laudans
483 2195 639 2271 Apostolus
663 2196 748 2252 dicit:
776 2195 835 2263 Qui
856 2196 932 2250 eruit
955 2214 1006 2250 uos
1030 2196 1065 2250 de
1085 2205 1229 2270 potestate
1251 2205 1329 2250 tene-

343 2282 464 2337 brarum
497 2294 524 2338 et
547 2283 697 2338 transtulit
720 2283 747 2337 iu
772 2300 895 2359 regnum
911 2282 974 2359 filii
995 2281 1128 2338 caritatis
1149 2281 1224 2337 sue?
1261 2281 1330 2337 Hoc
1342 2296 1375 2329 20

343 2369 437 2442 itaque
461 2388 573 2435 nornen,
606 2370 637 2424 id
659 2382 711 2433 est,
737 2371 848 2425 Pasclta
877 2371 953 2444 quod
978 2369 1080 2425 Latine
1104 2380 1134 2424 ut
1157 2369 1223 2425 dixi
1245 2379 1328 2424 tran-

342 2457 414 2511 situs
446 2468 629 2532 nuucupatur
668 2458 743 2513 uelut
776 2457 971 2532 interpretans
1004 2456 1083 2511 uoltis
1106 2457 1205 2512 beatus
1228 2455 1329 2511 Euan·

341 2543 468 2620 gelista:
499 2545 573 2598 Ante
602 2544 687 2613 diern,
719 2545 818 2619 inquit,
844 2545 957 2618 festum
988 2544 1098 2619 pasche
1128 2543 1220 2599 sciens
1242 2543 1330 2599 lesus

342 2631 407 2706 quia
433 2631 507 2685 venit
532 2631 605 2687 liora
630 2632 699 2700 eius,
735 2643 765 2686 ut
788 2641 917 2687 transeat
940 2648 979 2686 ex
1002 2631 1057 2687 hoc
1080 2631 1187 2685 mundo
1212 2631 1251 2685 ad
1270 2648 1327 2706 pa·

343 2729 428 2773 trem.
453 2718 529 2773 Eece
546 2718 669 2789 Pascua,
693 2736 757 2774 ecce
774 2718 923 2774 transitus.
952 2718 1032 2774 Unde
1055 2730 1082 2774 et
1103 2721 1181 2793 quo?
1204 2718 1250 2773 De
1273 2718 1374 2773 lroc25

342 2805 450 2861 scilicet
474 2807 580 2860 rrtttndo
604 2807 643 2860 ad
663 2816 790 2881 patrem.
830 2807 903 2880 Spes
927 2805 1065 2860 rnentlnis
1088 2805 1116 2858 iu
1140 2804 1234 2880 capite
1257 2805 1328 2859 data

342 2903 383 2948 est
412 2894 488 2967 quod
508 2903 601 2949 essent
624 2893 675 2947 illo
698 2903 866 2948 transeunte
887 2892 949 2948 sine
972 2892 1056 2947 dubio
1076 2903 1231 2959 secutura,·
1258 2891 1330 2966 quid

343 2997 417 3056 ergo
441 2980 572 3055 infideles
603 2991 629 3035 et
661 2980 697 3035 ab
725 2981 779 3035 ltoc
812 2980 905 3053 capite
932 2990 1017 3053 atque
1049 2980 1085 3034 ab
1109 2979 1170 3035 eius
1201 2996 1329 3053 corpore

343 3067 451 3121 alieni?
482 3085 574 3122 nonne
605 3079 632 3122 et
655 3067 711 3142 ipsi
747 3077 907 3134 transeunt,
945 3066 1011 3142 quia
1044 3085 1099 3121 nou
1131 3064 1329 3141 permanent?

348 3154 510 3209 Transeunt
531 3154 621 3229 plane
636 3165 663 3209 et
679 3154 744 3228 ipsi,
768 3156 820 3209 sed
843 3153 925 3209 aliud
940 3165 982 3208 cst
999 3153 1127 3209 transire
1150 3154 1185 3208 de
1209 3152 1327 3224 mundo,
1340 3169 1376 3219 30

343 3241 424 3295 aliud
447 3253 487 3296 est
511 3242 640 3296 transire
662 3260 726 3296 cum
751 3242 868 3306 eruendo,
906 3241 988 3295 aliud
1015 3241 1055 3295 ad
1079 3251 1207 3315 patron,
1245 3239 1328 3294 aliud

343 3329 382 3382 ad
405 3328 532 3395 ltosteut,·
570 3347 635 3384 riam
661 3339 687 3385 et
712 3328 846 3406 Effl'pcli
868 3327 1058 3394 transierunt,
1082 3346 1137 3384 non
1162 3327 1235 3383 enim
1256 3343 1328 3401 per-

342 3417 486 3490 sequendo
511 3417 688 3486 invaserunt,
713 3434 768 3470 non
784 3426 879 3470 tamen
904 3414 1083 3470 transierunt
1103 3432 1160 3489 per
1182 3430 1266 3469 utare
1288 3414 1329 3468 ad

344 3520 466 3579 regnum
490 3504 541 3558 sed
564 3503 592 3557 iu
617 3503 694 3558 trtari
716 3503 755 3556 ad
778 3502 936 3559 interitum.

388 3590 487 3644 Sciens
519 3609 593 3666 ergo
625 3590 718 3655 Jesus,
753 3589 819 3664 quia
845 3589 920 3645 uenit
951 3588 1025 3644 tuna
1049 3588 1110 3643 eius
1133 3599 1163 3641 ut
1187 3587 1373 3642 trausir¹0133

344 3694 382 3730 es·
406 3677 460 3731 line
483 3678 590 3732 rrtttndo
614 3678 653 3731 ad
674 3677 803 3744 Patrem,
828 3695 891 3731 eum
910 3675 1059 3731 dilexisset
1082 3693 1150 3729 suos
1172 3675 1222 3747 qui
1244 3684 1327 3729 erant

344 3763 371 3817 iu
397 3765 514 3831 sitiendo,
539 3764 566 3818 in
581 3764 674 3839 fiuent
694 3763 796 3819 dilexit
820 3782 877 3820 eos.
906 3764 1008 3838 tuique
1032 3773 1062 3817 ut
1086 3773 1111 3817 et
1136 3761 1192 3836 ipsi
1215 3762 1251 3817 de
1273 3761 1328 3816 noc

344 3852 451 3904 iracundo
484 3851 531 3905 ubi
562 3863 656 3917 erant,
690 3852 730 3906 ad
760 3870 842 3906 suurn
867 3858 954 3925 caput
986 3851 1064 3923 qttttd
1087 3849 1152 3904 ltiuc
1175 3848 1328 3904 transisset

343 3938 403 3993 eius
435 3939 590 3993 dileccioue
621 3938 789 3997 transirent.
832 3939 911 4006 Quid
943 3938 1015 3992 enim
1049 3948 1091 3993 est
1114 3936 1141 3991 in
1156 3936 1249 4012 finem
1274 3934 1330 3990 nisi

343 4026 370 4079 in
398 4026 571 4080 Cluistumf’
605 4025 687 4080 Finis
719 4026 791 4080 enim
817 4026 892 4101 legis
926 4025 1070 4088 Christus,
1103 4024 1143 4078 ait
1171 4022 1328 4097 Apostolus
1338 4031 1375 4078 40

395 4339 419 4386 8.
447 4340 533 4455 llixotli
564 4339 629 4398 XIV,
661 4353 700 4403 ει).
823 4358 846 4405 u.
880 4339 909 4385 ls.
944 4339 1006 4395 llll,
1038 4352 1061 4400 7.
1092 4336 1174 4385 Exodi
1204 4336 1257 4395 ΧΗ,
1287 4337 1328 4387 23.

349 4426 384 4475 ιι).
406 4409 462 4457 Co,
484 4410 500 4468 l,
525 4414 560 4457 1's',
