3098 5130
574 452 698 502 oerzurs
717 453 930 504 avxuourxcr
953 453 1015 502 ura.
1035 454 1079 503 tv.
1196 435 1277 521 [car.
1293 450 1322 494 v.

339 626 467 671 eterrrum
517 614 592 669 Cum
627 612 706 669 enim
740 615 905 670 secundum
937 614 1026 671 fidem
1053 634 1212 688 processus
1236 634 1325 672 eran·

339 699 406 773 aelii
433 699 556 756 maioris
574 700 754 758 humilitatis
778 702 854 758 foret
877 701 1031 759 evidencia
1057 702 1209 760 dimittere
1233 703 1325 760 istum

340 802 450 845 statum
477 800 506 843 et
530 787 668 844 laborare
693 791 857 845 secundum
883 790 1013 846 formam
1038 789 1194 864 evangelii,
1219 808 1326 847 secun·

340 878 411 932 dum
441 893 549 948 puram
579 875 748 931 doctrinam
779 894 871 950 quarn
896 876 1034 934 Christus
1059 875 1163 935 docuit
1200 877 1327 935 ecclesie

340 965 555 1038 prodessend0‚
591 961 708 1019 videtur
741 965 823 1037 quod
857 982 937 1038 papa
969 965 1154 1021 assumendo
1180 982 1271 1039 super
1296 974 1353 1025 se5

340 1053 419 1108 hunc
452 1063 564 1107 statum
590 1068 752 1107 onerosum
778 1064 807 1107 et
832 1049 1012 1108 dimittendo
1040 1065 1152 1108 statum
1179 1052 1326 1125 evangelii

341 1137 435 1212 magis
451 1136 635 1194 laudabilem
662 1138 788 1194 multum
806 1152 922 1212 peccat,
947 1138 1019 1212 quia
1036 1138 1219 1213 principium
1237 1141 1327 1197 debet

340 1244 404 1283 esse
429 1225 566 1281 fidelibus
602 1226 682 1299 quod
706 1244 766 1281 non
790 1225 984 1283 mediocriter
1007 1240 1113 1301 peccat
1136 1225 1188 1301 qui
1212 1239 1325 1284 statum

341 1313 497 1371 meliorem
523 1325 551 1368 et
575 1311 742 1368 faciliorem
762 1313 874 1369 deserit
898 1327 927 1370 et
951 1327 1062 1370 statum
1087 1313 1222 1388 peiorem
1247 1313 1327 1371 acci·

340 1400 394 1476 pit,
419 1398 490 1474 quia
514 1418 577 1456 non
601 1398 726 1456 dubium
752 1399 803 1456 illa
827 1419 918 1457 causa
943 1414 986 1457 est
1010 1399 1162 1458 diabolica
1186 1414 1215 1457 et
1238 1400 1327 1476 spiri·
1342 1428 1373 1461 ro

339 1502 388 1545 tus
410 1487 551 1563 superbie
574 1488 612 1541 ad
637 1487 694 1543 hoc
719 1501 828 1543 moret.

127 1563 324 1661 T¹¹g,.¹{,{fe‡{¹¹⁵⁰
383 1577 444 1631 Nec
479 1574 649 1648 repellende
687 1587 757 1630 sunt
790 1589 963 1631 sanctorum
997 1574 1148 1631 sentencie
1172 1577 1223 1631 sed
1248 1587 1325 1632 tam·

183 1670 269 1713 words.
340 1680 431 1736 quarn
457 1659 629 1737 probabiles
652 1661 849 1730 admittenda,
883 1661 997 1718 scilicet
1020 1663 1102 1735 quod
1128 1664 1232 1719 Petrus
1256 1664 1325 1719 hor·

341 1748 399 1805 ruit
423 1768 454 1806 se
478 1749 520 1806 sic
544 1747 637 1805 lavari
655 1766 671 1804 a
691 1752 765 1821 Deo,
790 1747 861 1824 quia
876 1751 960 1804 lesus
985 1747 1064 1822 cepit
1088 1767 1104 1805 a
1128 1749 1217 1806 Petro
1241 1752 1324 1824 quod

340 1837 445 1893 Petrus
477 1837 519 1892 sic
551 1850 684 1892 senserat
717 1837 797 1910 quod
832 1855 888 1909 pro
911 1836 995 1892 nullo
1028 1849 1166 1910 tempore
1190 1839 1270 1893 Deus
1295 1846 1371 1896 etri

341 1924 484 1980 dominus
508 1923 549 1980 sic
573 1924 685 1980 lavaret
710 1922 764 1980 sibi
789 1926 881 1998 pedes
905 1937 933 1979 et
956 1942 1018 1979 non
1043 1938 1074 1979 ut
1098 1923 1233 1998 sophiste
1257 1941 1324 1998 gar·

341 2010 423 2068 riunt
455 2013 536 2086 quod
562 2010 709 2067 Dominus
741 2029 802 2067 non
826 2011 922 2084 ipsam
947 2010 1139 2067 continuaret
1163 2009 1194 2067 in
1218 2029 1324 2085 perpe-

341 2111 426 2155 tuum
451 2097 611 2155 locionem.
636 2099 706 2155 ldeo
723 2111 822 2154 rectus
839 2116 943 2154 sensus
968 2097 1056 2171 exigit
1072 2097 1161 2154 istam
1179 2097 1324 2155 formam:

342 2185 471 2243 Domine
494 2186 523 2241 in
541 2199 678 2242 eternum
695 2204 755 2242 non
772 2185 887 2241 lavabis
905 2184 996 2241 michi
1014 2187 1114 2257 pedes
1140 2187 1205 2242 Hoc
1222 2198 1325 2242 tamen

342 2275 446 2329 Petrus
485 2273 558 2328 dixit
589 2291 656 2328 cum
679 2267 682 2351 l
704 2274 835 2347 quadam
869 2271 1031 2328 formidine
1070 2285 1098 2327 et
1131 2271 1326 2328 dubitacione
1354 2280 1420 2344 433¹

341 2359 495 2430 laudabili,
520 2360 596 2417 sicut
619 2361 709 2415 verba
733 2358 870 2416 indicant
895 2372 1124 2432 consequenter.

146 2437 306 2543 θααζῇξζὲζω
385 2448 525 2504 Secundo
559 2460 641 2521 patet
674 2446 830 2503 catholicis
864 2460 1012 2520 quantum
1049 2446 1195 2502 servorem
1222 2446 1327 2502 Petrus

145 2542 172 2584 be
188 2542 303 2587 cleansed.
342 2535 456 2603 habuit,
481 2536 603 2608 quando
620 2532 693 2589 dixit
716 2535 798 2607 quod
821 2533 961 2590 dominus
985 2532 1041 2589 celi
1065 2545 1093 2589 et
1116 2545 1196 2589 terre
1213 2532 1327 2589 lavaret

342 2620 397 2678 sibi
423 2641 483 2678 non
516 2622 611 2678 solum
638 2623 729 2694 pedes
753 2622 804 2677 sed
830 2639 937 2677 manus
965 2634 994 2676 et
1018 2633 1119 2695 caput,
1142 2632 1175 2676 ut
1198 2619 1327 2675 beatitu-

343 2707 420 2765 dinis
444 2727 495 2765 sue
520 2707 727 2783 participaret,
751 2721 779 2764 et
803 2726 871 2764 cum
895 2707 1032 2765 Christus
1055 2726 1117 2763 non
1141 2719 1240 2780 potest
1263 2717 1372 2767 esseni

342 2809 483 2870 acceptor
507 2813 644 2870 persone,
669 2808 751 2868 patet
775 2796 856 2869 quod
873 2813 942 2851 vera
967 2808 1010 2851 est
1033 2793 1090 2850 ista
1108 2792 1327 2851 condicionalis

342 2882 464 2939 Domini
489 2885 525 2938 de
549 2901 744 2957 quocunque:
779 2881 809 2938 Si
841 2901 902 2939 non
930 2882 1031 2938 lavero
1055 2895 1093 2949 te,
1116 2900 1179 2938 non
1203 2879 1327 2938 habebis

341 2983 458 3044 partem
485 2988 613 3028 mecum.
649 2972 684 3025 Et
707 2969 782 3027 fides
814 2969 899 3025 istius
922 2969 1004 3025 verbi
1029 2968 1052 3024 si
1076 2987 1136 3024 non
1161 2968 1220 3025 alia
1243 2967 1327 3024 incu-

343 3071 418 3113 teret
449 3057 609 3114 mundanis
633 3057 773 3113 timorem
798 3056 840 3114 sic
870 3074 978 3130 cupere
1004 3057 1173 3112 mundanos
1196 3056 1327 3112 honores

342 3156 371 3200 et
395 3144 606 3201 excellenciam
632 3145 844 3217 temporalem,
870 3162 937 3200 cum
963 3141 1149 3217 impossibile
1173 3142 1210 3198 sit
1233 3142 1325 3198 talem
1339 3153 1373 3203 30

343 3230 486 3305 cupidum
513 3232 575 3288 sore
598 3233 718 3288 beatum
744 3231 800 3287 nisi
824 3231 915 3287 talem
941 3231 1060 3286 deserat
1084 3228 1273 3303 dignitatem,
1298 3241 1327 3285 et

343 3318 430 3393 pauci
455 3332 524 3375 sunt
556 3318 607 3393 qui
632 3319 662 3374 in
686 3318 745 3374 fine
777 3318 835 3373 vite
859 3319 896 3374 de
920 3317 976 3373 ista
1000 3315 1082 3373 inani
1106 3315 1202 3390 gloria
1225 3314 1327 3372 debite

342 3420 411 3463 sunt
450 3405 580 3464 contriti.
620 3408 656 3461 Et
690 3404 732 3462 sic
765 3403 902 3462 Christus
939 3402 1146 3478 propriissime
1181 3401 1326 3476 loquitur,

342 3496 464 3569 quando
503 3493 575 3550 dicit
607 3493 630 3549 si
656 3509 716 3548 non
747 3493 849 3549 lavero
874 3506 912 3557 te,
952 3509 1014 3547 non
1052 3488 1176 3551 habebis
1209 3502 1326 3563 partem

343 3600 472 3650 mecum,
512 3581 640 3637 innuens
673 3580 754 3653 quod
786 3578 921 3653 loquitur
954 3579 990 3633 de
1021 3577 1138 3635 locione
1163 3576 1272 3634 mentis
1296 3576 1372 3634 insa

343 3688 402 3744 qua
419 3681 483 3726 tota
500 3667 698 3743 personalitas
716 3666 847 3723 hominis
863 3679 907 3723 est
924 3678 1050 3722 servata.
1076 3663 1220 3735 Quamvis
1245 3662 1325 3721 enim

342 3755 527 3830 Augustinus
550 3774 618 3812 vere
642 3754 722 3811 dicat
746 3754 827 3828 quod
853 3754 945 3810 homo
970 3754 1096 3827 loquens
1119 3750 1326 3822 sinodochice‚

342 3862 410 3900 vere
434 3843 507 3900 dicit
530 3842 630 3900 alteri:
664 3842 770 3898 Calcas
796 3859 843 3897 me
866 3843 937 3897 dum
962 3842 1058 3896 solum
1085 3839 1207 3914 proprie
1231 3840 1327 3896 calca·

343 3931 416 3988 verit
449 3930 504 3987 sibi
537 3933 654 4004 pedem,
695 3928 819 4003 propior
841 3942 943 3985 tamen
967 3944 1009 3984 est
1041 3929 1149 3984 modus
1172 3925 1326 4001 loquendi,

343 4037 410 4074 cum
437 4018 522 4074 dicit:
555 4018 584 4074 si
610 4036 670 4075 non
695 4021 795 4074 lavero
820 4030 858 4086 te,
884 4017 940 4072 boc
965 4030 1018 4086 est,
1058 4031 1218 4089 personam
1243 4027 1372 4079 tuam40

343 4125 401 4180 que
438 4119 496 4162 stat
532 4105 560 4160 in
594 4104 712 4179 spiritu,
758 4123 818 4159 non
854 4102 977 4159 habebis
1011 4120 1128 4158 mecum
1154 4113 1270 4175 partem
1295 4098 1327 4156 in

396 4362 415 4402 ri
435 4361 634 4402 (loazcrnsarar.
690 4358 923 4408 mammarum.
978 4354 1203 4408 ai.rl:partr'cip‹·l.
1250 4354 1325 4403 aori:

342 4414 437 4469 qrrrtrrdo
452 4412 516 4455 dicti.
