3098 5130
163 506 231 550 cae.
247 491 343 575 uxot]
441 510 485 560 oe
506 507 742 560 nnttcnmsTo
763 507 826 560 uo.
845 509 863 559 1.

162 672 270 727 Judeos
294 683 378 747 utque
401 671 553 741 hereticos,
577 672 626 745 qni
647 671 757 728 idcirco
782 689 880 728 omnes
904 671 1034 749 virgines
1050 674 1149 749 appel·

164 761 272 829 tantur,
297 759 362 834 quia
378 759 550 835 gloriantur
564 759 592 814 in
609 759 692 815 unius
708 759 765 815 Dei
781 758 884 815 noticia
902 768 929 813 et
953 777 1033 814 mens
1050 777 1149 816 eorum

164 846 301 902 idolatrie
333 846 418 901 turba
452 865 507 902 non
539 856 758 922 constupratur.

208 932 412 990 Crisostomus
429 947 529 989 autem
542 950 631 1007 super
643 932 700 990 isto
717 947 798 990 textu
814 931 856 989 sic
873 932 1021 1007 loquitur:
1040 934 1150 989 Notan-
1183 943 1352 999 chrysostom:

140 1021 231 1082 §dum
257 1020 369 1095 quidem
388 1022 464 1094 qnod
476 1021 609 1095 priorem
630 1021 804 1095 parabolam
830 1021 866 1075 de
881 1021 1048 1076 doctoribus
1072 1021 1150 1091 dicit,

165 1109 237 1163 banc
250 1118 345 1162 autem
366 1108 502 1182 pluribus
525 1108 639 1163 nomine
650 1108 796 1185 uirginum
813 1108 995 1185 generaliter
1018 1126 1149 1183 compre-

165 1195 269 1265 hensis,
280 1207 374 1250 tamen
386 1206 412 1250 et
422 1195 578 1250 secundun:
589 1194 771 1269 spiritualem
788 1195 962 1251 intellectum
974 1195 1048 1250 banc
1060 1213 1151 1272 para-

165 1283 260 1336 bolam
278 1282 367 1336 nichil
385 1293 466 1338 nocet
485 1282 677 1357 interpretari
698 1293 725 1338 et
749 1281 925 1338 carnaliter:
954 1282 1032 1338 Tunc
1059 1282 1153 1338 simile

165 1369 219 1424 erit
236 1387 299 1424 cnm
318 1369 416 1424 diebus
440 1370 499 1425 suis
515 1369 665 1444 completis
677 1370 788 1439 solutus
805 1369 904 1444 fuerit
927 1369 1062 1440 mundus,
1086 1388 1150 1425 cnm

127 1457 273 1526 ¹0uenerit
307 1456 397 1512 iudex
420 1457 547 1512 omniun:
578 1457 768 1512 occultorum.
801 1456 892 1512 Modo
915 1468 1010 1512 autem
1036 1456 1150 1513 interim
1170 1467 1207 1510 At:
1224 1478 1276 1511 men
1292 1468 1358 1511 ticio

166 1562 264 1599 omnes
288 1544 417 1599 homines
441 1544 521 1599 nobis
550 1544 670 1600 invicem
695 1544 860 1600 mentimur.
896 1544 955 1599 Alii
976 1562 1007 1600 se
1028 1545 1150 1621 fingunt
1192 1519 1335 1563 eachomer.

166 1631 265 1696 iustos,
290 1650 353 1686 cnm
386 1631 443 1686 sint
466 1631 565 1706 iniqui,
600 1631 653 1685 alii
680 1631 833 1686 humiliant
866 1650 897 1688 se
921 1642 951 1686 nt
970 1642 1151 1706 peccatorem

165 1735 228 1773 eum
254 1718 311 1773 sint
335 1718 436 1788 sancti,
468 1718 521 1773 alii
542 1730 638 1774 aretem
674 1729 775 1796 turpes
797 1729 879 1775 actus
910 1736 979 1775 suos
1003 1719 1153 1794 usquead

166 1817 288 1860 mortem
313 1806 492 1861 abscondunt
520 1806 646 1881 amplius
670 1806 801 1863 homines
824 1807 1032 1876 erubescentes,
1066 1826 1150 1881 quam

127 1893 259 1954 15Denm
284 1892 417 1949 timentes
449 1904 476 1948 et
507 1911 623 1968 semper
645 1904 711 1948 sunt
744 1894 771 1948 in
797 1893 915 1949 uulnere
937 1895 1005 1949 dnm
1028 1905 1152 1971 propter

166 1979 295 2034 homines
333 1980 433 2035 nolunt
465 1998 612 2057 apparere
644 1980 796 2036 uulnerati.
841 1981 901 2059 Qui
927 1992 1022 2037 autem
1056 1981 1150 2037 Deum

167 2067 246 2122 timet
271 2068 400 2123 nomines
423 2085 479 2123 non
503 2067 652 2123 erubescit.
687 2067 749 2123 Nec
772 2068 845 2124 enim
867 2078 963 2143 potest
982 2068 1068 2144 peior
1091 2087 1152 2125 esse

166 2154 255 2208 timor
277 2164 411 2210 terrenus
443 2173 528 2229 quam
558 2172 634 2230 pena
658 2154 780 2210 celestis.
824 2155 935 2223 Quibus
958 2155 1051 2211 simile
1074 2155 1152 2211 erit?

167 2241 273 2296 Decem
299 2241 471 2318 virginibus.
518 2241 644 2310 Quidam
665 2253 771 2317 putant
802 2242 848 2297 bic
882 2242 1012 2319 virgines
1035 2242 1094 2298 dici
1117 2243 1152 2298 de

123 2356 154 2389 :n
166 2329 266 2402 quibus
282 2329 438 2403 Apostolus
455 2329 591 2403 quuitur,
617 2339 647 2383 nt
662 2328 719 2384 sint
734 2340 832 2385 sancte
854 2347 979 2404 corpore
1001 2339 1028 2384 et
1044 2329 1150 2385 animo.

166 2415 204 2470 Et
226 2415 342 2490 sapiens
373 2417 487 2489 quidem
522 2417 607 2492 uirgo
639 2425 758 2490 estque
792 2426 819 2471 et
856 2434 981 2491 corpore
1004 2427 1030 2471 et
1053 2416 1151 2472 anima
1170 2440 1358 2496 wtiatavirgin

167 2503 253 2578 uirgo
277 2513 329 2573 est,
354 2513 383 2556 nt
406 2521 496 2579 neque
519 2504 623 2559 habeat
647 2502 741 2558 uirum
767 2521 856 2579 neque
879 2503 1032 2562 desideret.
1073 2504 1152 2572 Quid
1196 2493 1280 2536 ΜΝ
1297 2495 1331 2537 oe.

166 2590 239 2644 enin:
263 2590 290 2644 si
311 2602 361 2644 aut
381 2602 519 2665 parentes
543 2591 602 2646 eius
622 2601 749 2665 propter
779 2602 875 2647 uotum
899 2609 982 2646 sunm
1007 2590 1034 2645 in
1059 2591 1151 2668 uirgi-

165 2677 254 2731 nitate
278 2695 339 2732 eam
357 2688 521 2749 tenuerunt,
547 2678 615 2752 quid
643 2678 669 2734 si
680 2696 739 2752 pro
755 2677 852 2752 aliqua
869 2678 1019 2734 occasione
1041 2678 1150 2752 quesita

124 2785 153 2833 :5
166 2775 206 2819 est
230 2783 284 2818 non
308 2765 398 2820 talis?
421 2764 484 2821 Hec
499 2765 525 2821 si
540 2783 594 2819 non
612 2776 653 2820 est
674 2777 772 2840 nupta,
795 2766 970 2821 :altentatem
988 2777 1083 2821 tamen
1100 2783 1150 2819 nn-

166 2851 251 2906 bendi
274 2851 417 2923 babuerit,
449 2870 574 2927 corpore
597 2852 711 2926 quidem
737 2853 824 2930 uirgo
848 2864 899 2925 est,
931 2852 1028 2908 animo
1052 2863 1150 2928 nupta,

166 2938 229 3011 quia
265 2955 371 3014 corpus
405 2958 494 3014 opere
516 2939 698 3006 sordidatur,
731 2932 845 2995 animus
868 2951 963 2995 autem
994 2941 1150 2997 uoluntate.

171 3025 313 3092 Quamuis
330 3026 507 3099 frequenter
539 3027 688 3082 occasione
711 3026 887 3083 necessitatis
919 3026 1047 3083 carnalis
1072 3027 1152 3083 Deus

164 3125 278 3186 prestat
311 3114 472 3169 horrentibus
504 3114 738 3170 misericordiam
771 3115 965 3191 spiritualem,
1003 3114 1030 3170 si
1055 3125 1150 3170 autem

125 3200 300 3269 novabuntas
317 3201 480 3256 necessitati
501 3202 673 3274 consenciat,
695 3220 749 3257 non
773 3202 867 3258 solum
888 3213 984 3258 autem
1007 3220 1062 3258 non
1085 3220 1150 3258 con·

167 3288 306 3361 cupiscat,
329 3288 383 3343 sed
406 3289 495 3343 eciam
520 3289 662 3345 abstineat
684 3306 715 3345 se
737 3289 773 3345 ab
797 3290 876 3345 omni
898 3290 985 3360 mato,
1009 3299 1039 3343 ut
1062 3307 1152 3364 neque

169 3375 268 3448 jaciat
291 3392 381 3449 neque
396 3377 504 3453 cogitet
522 3377 599 3450 qnod
614 3377 766 3451 displiceat
783 3376 856 3449 Deo,
880 3376 945 3449 quia
962 3394 1070 3451 corpus
1079 3377 1150 3450 sor-

167 3462 289 3529 nicatur‚
327 3464 443 3537 quando
481 3481 545 3518 cum
590 3463 653 3519 uiro
685 3463 881 3541 coniungitur,
919 3465 1017 3518 anima
1055 3475 1150 3519 autem

167 3550 280 3621 quando
305 3549 415 3605 diaboli
437 3550 567 3605 sociatur
584 3550 788 3625 uoluptatibus.
817 3551 880 3618 Qne
903 3551 955 3606 bec
976 3567 1031 3605 non
1052 3560 1151 3605 servat

125 3653 196 3705 35se
220 3657 236 3692 a
263 3637 465 3711 uoluptatibus,
482 3638 572 3711 fatua
594 3648 636 3693 est
652 3638 714 3713 ipsa
739 3639 833 3715 uirgo.
859 3637 898 3692 Et
915 3655 982 3693 uere
995 3638 1087 3712 fatua
1110 3646 1152 3692 est

166 3741 219 3797 que
239 3742 296 3799 per
319 3725 411 3780 solam
437 3724 636 3802 virginitatem
661 3725 796 3801 corporis
824 3735 909 3799 putat
932 3724 996 3780 Deo
1022 3723 1150 3798 placere.

219 4109 237 4154 3.
252 4114 273 4155 A
288 4113 311 4155 in
327 4124 413 4166 marg.:
429 4112 591 4155 crisostomus.
681 4123 712 4154 ιο.
727 4113 760 4155 A:
776 4111 892 4154 interitus.
967 4121 993 4154 tt.
1008 4111 1041 4154 A:
1058 4110 1152 4170 inuicem

166 4165 242 4212 deest:
257 4166 287 4206 nb:
305 4166 326 4207 A
341 4166 363 4207 in
380 4177 466 4218 marga
482 4163 551 4208 Nota.
606 4176 634 4207 12.
645 4166 674 4207 A:
690 4169 749 4207 sunt.
804 4161 832 4207 15.
847 4165 883 4206 A:
898 4161 970 4206 Deum
980 4162 1107 4213 uiuentem·
1120 4162 1151 4204 lb.

167 4217 222 4259 Ain
234 4229 318 4271 marga
336 4217 404 4260 Nota.
459 4229 488 4260 21.
504 4219 538 4259 A:
553 4216 753 4271 Etsapiens—est
766 4217 838 4259 deest.
892 4225 975 4258 21—22.
991 4216 1024 4258 A:
1040 4219 1154 4268 que-est

167 4269 236 4311 deest,
304 4269 336 4312 25.
351 4272 385 4312 A:
400 4269 469 4312 babet
482 4269 510 4311 st'.
578 4266 613 4322 34.
628 4271 662 4311 A:
676 4268 787 4319 diabolo:
800 4269 831 4311 ib.
847 4269 880 4311 A:
899 4266 948 4323 Que
961 4278 1016 4310 vero
1031 4279 1085 4310 non.

217 4464 242 4510 4.
262 4448 313 4512 Op.
333 4447 436 4513 imperf.
455 4448 472 4498 l.
491 4463 513 4497 c.
532 4463 591 4513 pag.
610 4446 668 4514 960.
743 4462 783 4497 20.
803 4447 821 4497 t.
841 4447 900 4497 Cor.
921 4447 975 4507 VH,
996 4447 1037 4511 34.
