3098 5130
123 461 185 518 3²0
571 457 696 507 ‹ituzttts
715 457 927 508 avxuctxxct
948 459 1011 507 tiu.
1032 459 1073 507 tv.
1200 442 1282 524 [car.
1299 455 1326 498 x.

142 629 315 689 2.Ttieyurge
340 618 445 674 fundat
469 637 499 673 se
534 636 624 691 super
660 619 716 675 hoc
742 617 897 692 evangelio
930 619 1098 675 lohannnis
1132 620 1182 694 qui
1216 620 1327 694 accipit

147 682 194 724 that
212 680 309 724 wrthout
356 704 361 715 ·
536 704 542 714 ·
769 706 774 715 -
801 705 807 716 ·
1088 706 1094 717 .
1175 706 1182 717 .
1267 707 1273 718 .

133 733 320 789 aegreesrnrhe
339 723 363 760 s1
387 722 477 778 quem
504 723 614 761 mtsero
639 724 687 761 me
712 719 831 779 accipit.
866 708 1006 763 Secundo
1038 707 1110 763 factt
1138 709 1325 765 evidencram

128 786 320 880 cffifffig'xe
340 793 499 848 ducentem
533 793 570 848 ad
604 792 691 849 istam
725 792 954 866 perplexitatem
993 796 1074 868 quod
1111 793 1198 851 aliter
1236 813 1326 851 nemo

129 898 153 933 ro
168 890 230 933 what
245 888 329 944 priests
340 892 546 952 cognosceret,
594 879 641 936 cui
689 879 800 937 clerico
839 880 951 937 faceret
994 880 1240 939 beneficienciam
1280 884 1326 939 vel

175 949 199 985 ¹⁰
213 948 275 984 '¹¹¹⁰'
340 966 497 1033 honorem,
522 985 589 1023 cum
615 967 714 1023 nullus
731 966 931 1024 militancium
950 968 1104 1043 cognoscit
1122 968 1351 1027 maioritatem5

340 1052 441 1110 clerici
465 1055 566 1128 quoad
591 1055 697 1110 Deum.

142 1150 307 1207 Tireystrouta
384 1142 538 1210 Quantum
579 1143 617 1198 ad
650 1140 728 1197 istud
766 1142 924 1215 problema
957 1141 1144 1214 Antichristi,
1183 1142 1231 1201 hic
1269 1144 1326 1201 hoc

127 1202 321 1311 θ”ξζζξιζξᾞ
340 1228 448 1301 duplex
480 1227 605 1284 dubium
639 1230 800 1302 (quantum
834 1231 872 1284 ad
908 1228 1014 1285 fratres
1038 1228 1158 1303 attinet)
1191 1245 1235 1287 est
1267 1233 1326 1287 sol·

123 1385 126 1389 ,
179 1307 267 1352 etsist.
340 1317 481 1386 rendum,
514 1329 543 1371 et
576 1329 722 1390 quantum
758 1317 795 1372 ad
820 1315 894 1372 alias
918 1315 1094 1373 Antichristi
1120 1329 1221 1390 partes
1246 1332 1327 1392 post·

341 1405 464 1459 modum
490 1401 626 1459 diffusius
659 1401 858 1459 dilatandum.
894 1404 1020 1460 Constat
1043 1417 1144 1460 autem
1169 1404 1249 1461 fideli
1274 1404 1372 1480 quito

339 1492 385 1547 vel
407 1489 612 1564 perfunctorie
628 1489 711 1547 novit
727 1491 855 1547 formam
874 1489 971 1564 logice
987 1493 1068 1564 quod
1085 1503 1205 1565 oportet
1225 1492 1326 1566 sophi·

339 1590 415 1634 stam
452 1575 631 1633 Antichristi
665 1579 826 1634 ostendere
858 1577 939 1650 quod
973 1578 1019 1633 vel
1051 1577 1158 1635 fratres
1186 1580 1231 1635 vel
1255 1598 1327 1653 que·

339 1682 458 1738 cunque
481 1681 610 1737 persone
634 1664 692 1720 alie
715 1663 824 1738 cupide
849 1663 1055 1721 mendicantes
1083 1684 1099 1722 a
1128 1665 1216 1739 plebe
1244 1664 1327 1723 inde·

339 1750 400 1807 bite
424 1750 584 1807 mittantur
606 1769 624 1807 a
648 1750 773 1808 domino
802 1753 871 1807 lesu
897 1750 1028 1823 Christo,
1057 1765 1085 1808 et
1110 1766 1182 1809 tunc
1205 1766 1326 1827 oportet

340 1856 391 1893 eos
415 1838 540 1894 fundare
564 1851 661 1894 sectas
678 1857 747 1894 suas
771 1837 800 1893 in
818 1836 989 1911 evangelica
1013 1837 1135 1896 racione
1159 1853 1187 1896 et
1216 1843 1327 1897 abusus
1342 1843 1370 1891 15

339 1943 464 1981 suorum
490 1938 623 1981 statuum
642 1926 837 1999 postmodum
863 1944 1043 1999 expurgare;
1068 1928 1149 2000 quod
1172 1946 1240 1984 cum
1266 1946 1325 1983 non

340 2025 473 2085 possunt,
497 2010 592 2068 nichil
618 2011 676 2068 illis
701 2026 729 2069 et
753 2012 823 2068 huic
845 2012 1001 2087 evangelio
1024 2015 1061 2070 ad
1086 2013 1188 2071 taliter
1212 2013 1328 2070 mendi-

340 2100 481 2156 candum.
521 2099 571 2157 Sic
604 2099 683 2156 enim
717 2113 817 2173 posset
850 2099 987 2174 sophista
1022 2099 1135 2157 diaboli
1161 2119 1265 2158 cecare
1288 2103 1326 2159 ad

340 2201 460 2261 tempus
484 2186 559 2244 lucis
576 2186 655 2243 lilios
679 2189 760 2261 quod
784 2186 922 2243 diabolus
946 2206 1161 2262 quamcunque
1185 2202 1325 2246 naturam

340 2274 538 2348 assumpserit
571 2286 615 2330 est
648 2273 828 2348 generaliter
856 2293 873 2330 a
903 2273 1040 2330 fidelibus
1069 2277 1274 2350 acceptandus
1298 2290 1327 2332 et
1339 2293 1372 2326 20

340 2361 370 2417 in
395 2380 449 2417 sua
473 2360 613 2435 nequicia
631 2375 735 2418 contra
760 2360 916 2417 ecclesiam
935 2360 1123 2431 nutriendus,
1148 2361 1219 2436 quia
1237 2361 1327 2432 (sicut

298 2470 301 2474 “
339 2461 421 2523 patet
445 2442 530 2528 alibi)
555 2446 694 2505 Scarioth
719 2450 755 2504 de
778 2447 938 2521 superficie
962 2448 1114 2521 religionis
1139 2449 1249 2506 Christi
1271 2448 1326 2505 fuit

339 2534 488 2607 diabolus,
524 2548 639 2608 quanto
674 2534 770 2609 magis
802 2533 951 2609 contingit
975 2537 1033 2592 hoc
1061 2538 1098 2592 de
1131 2534 1327 2610 religionibus

337 2622 368 2679 in
393 2635 472 2679 statu
496 2621 569 2696 legis
594 2621 714 2677 Domini
747 2641 808 2678 non
840 2621 970 2678 fundatis
1000 2636 1028 2679 et
1057 2623 1199 2680 inducere
1226 2637 1327 2698 posset

339 2709 477 2766 diabolus
501 2708 729 2783 perplexitatem
755 2709 929 2765 ulteriorem
964 2723 992 2766 et
1026 2710 1230 2784 repugnancia
1254 2709 1370 2784 legisai

339 2795 461 2864 Christi,
486 2815 553 2852 curn
580 2796 717 2853 Christus
741 2799 829 2853 docet
854 2797 978 2854 Matthei
1003 2798 1062 2868 Vll,
1093 2816 1099 2853 t
1109 2815 1142 2872 5:
1181 2798 1327 2854 Attendite

337 2903 354 2939 a
371 2883 464 2958 salsis
483 2883 638 2959 prophetis
653 2885 703 2959 qui
718 2885 833 2941 veniunt
857 2884 897 2939 ad
913 2902 963 2939 uos
979 2884 1007 2940 ia
1025 2885 1201 2941 vestimentis
1217 2885 1326 2953 ovium,

338 2971 511 3027 intrinsecus
534 2981 629 3026 autem
645 2982 711 3026 sunt
728 2972 790 3046 lupi
804 2990 935 3047 rapaces.
962 2973 997 3027 Et
1019 2971 1144 3029 Matthei
1167 2973 1267 3042 XXIV,
1286 2986 1325 3048 23

339 3059 462 3113 mandat
491 3059 656 3128 prudenter
690 3072 795 3116 contra
823 3058 898 3115 tales
927 3058 1189 3132 pseudochristos:
1229 3059 1328 3114 Nolite

337 3144 428 3212 abire,
467 3145 554 3200 nolite
584 3147 714 3216 credere,
745 3146 841 3202 multo
866 3145 961 3219 magis
990 3165 1052 3202 non
1083 3159 1247 3203 tractarent
1276 3165 1327 3202 eos
1339 3149 1372 3196 30

337 3230 501 3288 domestice
524 3231 698 3306 recipiendo
719 3232 801 3307 ipsos
818 3231 848 3288 in
864 3233 972 3289 domos
992 3251 1061 3289 suas
1077 3234 1122 3289 vel
1139 3220 1326 3298 societatem,

337 3337 404 3375 curn
433 3320 584 3375 lohannes
613 3320 737 3376 mandat
769 3321 902 3376 secunda
934 3338 988 3376 sua
1021 3319 1162 3394 epistola:
1197 3321 1231 3375 Si
1264 3320 1328 3394 quis

338 3406 413 3462 verrit
436 3407 475 3461 ad
499 3425 551 3463 uos
581 3417 608 3462 et
641 3408 714 3463 hanc
747 3407 909 3463 doctrinam
938 3427 994 3464 aon
1018 3409 1114 3482 affert,
1153 3408 1240 3463 nolite
1262 3425 1326 3463 eum

337 3493 365 3549 ia
390 3494 507 3549 domum
536 3493 676 3570 recipere,
713 3513 803 3569 neque
824 3495 885 3550 Ave
912 3495 939 3550 ei
961 3494 1107 3551 dixeritis.
1141 3497 1176 3550 Et
1209 3493 1259 3550 ille
1283 3507 1326 3550 est

337 3579 452 3636 infideli
488 3579 620 3636 deterior
654 3581 705 3655 qui
738 3580 882 3655 opinatur
915 3583 996 3655 quod
1031 3581 1169 3638 Christus
1202 3594 1246 3637 est
1279 3579 1370 3637 hic35

338 3667 449 3723 oblitus
482 3666 618 3724 doctrine
651 3686 702 3724 sue
732 3668 854 3742 proprie
896 3669 942 3724 vel
966 3667 1136 3724 contrarius
1174 3666 1229 3724 sibi
1259 3666 1326 3742 ipsi.

153 3745 296 3841 {leva‘cff'fflg'sfl
380 3756 459 3810 Tota
477 3774 547 3828 ergo
564 3753 726 3812 difficultas
741 3769 799 3812 stat
815 3755 846 3811 in
856 3755 1010 3812 solucione
1026 3757 1157 3812 secunde
1174 3753 1327 3812 evidencie

142 3851 211 3894 setara
226 3850 307 3895 better.
338 3843 494 3916 quomodo
527 3842 602 3897 tales
641 3841 748 3898 discoli
777 3856 846 3898 sunt
886 3842 1036 3899 tractandi
1069 3856 1098 3898 et
1130 3860 1147 3898 a
1186 3840 1327 3898 fidelibus

340 3928 557 4001 cognoscendi3
592 3942 618 3984 et
644 3928 761 3985 videtur
794 3929 933 3986 fidelibus
957 3948 1025 3986 cum
1050 3928 1107 4002 ipsi
1136 3930 1244 3985 fratres
1267 3926 1327 3984 sint

339 4028 476 4072 creature
501 4029 529 4071 et
552 4029 661 4072 natura
685 4018 723 4072 ad
748 4016 918 4090 ymaginem
946 4015 999 4072 Dei
1024 4017 1100 4073 facte
1127 4007 1207 4090 quod
1225 4013 1372 4073 cuucti40

340 4102 443 4160 fideles
467 4105 576 4159 debent
601 4121 652 4158 cos
676 4116 806 4161 tractare
829 4103 859 4159 in
884 4102 1009 4161 caritate
1033 4116 1061 4159 et
1085 4103 1127 4160 sic
1151 4105 1259 4172 docere
1276 4120 1327 4159 cos

339 4192 419 4264 quod
446 4190 540 4264 legent
567 4189 678 4247 Christi
704 4209 779 4264 pure
803 4189 952 4265 accipiant
977 4193 1058 4265 quod
1084 4192 1172 4248 debet
1195 4208 1259 4246 esse
1284 4189 1327 4246 eis

393 4420 413 4452 2.
428 4411 463 4452 A:
478 4409 580 4452 secundo
587 4408 637 4461 siat
651 4408 793 4452 evidertcr'am
800 4406 866 4464 facit
879 4409 1030 4454 euidentiam.
