3098 5130
207 473 273 517 cut
290 458 330 540 tt
485 479 529 527 iu:
550 477 786 527 nuriennis'ro
808 479 870 527 iio.
890 480 917 528 u.

207 640 285 713 quod
304 638 333 693 in
351 638 500 711 scriptura
518 657 602 694 sacra
626 637 768 694 inseritur
785 640 830 695 vel
846 651 966 712 oportet
989 640 1069 713 quod
1089 638 1185 712 ipsum

206 725 321 782 eveniat
345 726 390 781 rel
414 726 649 799 quoddoniinus
675 725 852 783 incnciutur.
877 741 990 782 etcum
1010 745 1069 781 uon
1089 726 1188 781 minus

206 812 364 869 necessitat
397 811 611 886 preordinacio
644 831 679 869 oc
712 826 815 869 eterna
847 813 899 869 Dei
939 812 1058 870 rolucio
1096 833 1186 887 quani

206 898 364 974 scripturn,
404 901 528 974 plenum
563 900 682 956 videtur
721 902 757 957 de
796 901 903 957 intuitis
943 900 1068 975 singuiis
1107 903 1188 976 quod

181 986 373 1051 §necessaria
396 1002 465 1044 sunt
490 988 600 1044 futura.

608 1228 710 1291 CAP.
734 1228 781 1290 X.

247 1371 390 1446 Sequitur
408 1372 437 1427 in
455 1386 536 1428 textu
554 1371 715 1445 evangelii:
741 1373 799 1439 Qui
813 1372 917 1446 occipit
932 1372 1055 1446 siquem
1073 1372 1188 1438 misero,
1233 1399 1378 1453 nugnutne:

205 1478 249 1512 rue
264 1460 382 1534 ecc·ipit;
406 1461 455 1534 qui
469 1471 564 1515 nutem
587 1478 632 1514 me
647 1459 761 1534 accipit,
777 1459 881 1533 uccipit
892 1478 967 1524 eum,
983 1459 1031 1533 qui
1041 1459 1116 1515 misit
1134 1478 1187 1515 ine.
1203 1450 1403 1557 ffissffiffiffvlff

246 1549 344 1620 Super
375 1565 436 1620 quo
465 1545 663 1620 Augustinus:
705 1547 826 1601 Turnum
856 1565 889 1601 ue
927 1547 1036 1602 distare
1064 1547 1191 1623 intelligi
1238 1557 1367 1599 Asianum.

164 1633 292 1688 iorolnit
316 1633 391 1689 inter
414 1652 477 1689 euru
501 1651 583 1707 quem
609 1634 684 1689 niisit
709 1644 736 1688 et
764 1652 795 1689 se
824 1634 918 1709 ipsum
949 1645 1086 1707 putantum
1115 1634 1190 1690 inter

202 1738 233 1775 se
254 1721 347 1795 ipsum
371 1731 398 1776 et
421 1721 515 1776 Deum
537 1730 663 1797 patrem.
687 1720 753 1775 Hoc
768 1720 795 1775 si
809 1720 863 1776 isto
880 1721 966 1776 ruodo
983 1722 1190 1796 acceperimus,

203 1809 296 1863 nescio
320 1825 390 1882 quos
404 1808 521 1885 gradus
544 1808 621 1881 qiiod
636 1807 709 1863 obsit
734 1807 912 1863 Arianorum
933 1826 1015 1863 more
1029 1809 1189 1882 jaciemus.

206 1895 251 1949 ltu·
272 1894 378 1970 quippe
394 1913 457 1950 curn
481 1895 602 1949 erudiunt
625 1895 677 1950 hec
700 1895 869 1970 euangelica
895 1895 981 1950 rerba
1005 1915 1054 1951 seu
1080 1897 1190 1973 legunt,

206 1983 304 2037 statim
329 1983 368 2036 ud
392 1982 458 2038 ilios
481 1983 598 2057 gradus
621 1982 668 2037 sui
690 1982 839 2058 dogmatis
862 1993 985 2037 currunt
1008 1983 1110 2058 quibus
1136 2002 1191 2037 uon

166 2070 364 2124 rioscenduut
397 2070 437 2123 od
471 2070 558 2124 uitam
582 2071 634 2124 sed
654 2069 869 2144 precipitantur
901 2069 929 2123 iu
954 2081 1087 2125 mortem.
1116 2071 1190 2125 (Ion-

206 2156 283 2211 tinuo
317 2155 423 2230 quippe
455 2156 568 2212 dicunt:
604 2155 751 2231 Quantum
785 2156 942 2230 Apostolus
956 2156 1019 2232 filii
1050 2157 1138 2212 distat
1174 2175 1191 2211 u

196 2243 274 2317 filio,
297 2242 430 2317 quumvis
454 2243 579 2298 dixerit:
615 2243 673 2310 Qui
704 2243 813 2318 accepit
844 2243 870 2297 si
900 2260 982 2316 quem
1007 2243 1124 2311 misero,
1148 2261 1193 2298 ure

205 2330 318 2405 accipit,
342 2339 452 2384 tantum
482 2330 569 2385 distat
598 2342 625 2385 et
646 2330 731 2406 filius
754 2348 771 2384 α
792 2339 880 2405 putre
912 2330 1044 2403 quumvis
1067 2330 1193 2385 dixerit:

210 2417 267 2484 Qui
289 2428 384 2472 autem
410 2434 455 2472 me
477 2416 591 2492 accipit,
618 2416 722 2492 accipit
743 2434 806 2471 etun
831 2416 880 2490 qui
906 2435 952 2471 me
975 2417 1060 2472 misit.
1088 2417 1146 2472 Sed
1168 2416 1194 2472 si

164 2506 259 2558 eohoc
281 2503 361 2573 dicis,
391 2504 495 2559 oblitus
516 2522 545 2559 es
567 2504 692 2559 heretice
713 2504 830 2581 gradus
853 2515 926 2559 tuos.
961 2505 993 2557 Si
1015 2504 1088 2560 enim
1113 2514 1193 2558 tento

206 2590 362 2646 interuallo
376 2601 501 2666 propter
525 2591 576 2647 trec
595 2590 714 2645 Domini
738 2591 825 2645 uerbo
841 2591 940 2666 filiurn
965 2610 981 2644 α
1001 2604 1089 2666 patre
1105 2609 1193 2665 quou-

206 2688 265 2732 tum
290 2677 454 2752 apostolum
472 2677 629 2754 distinguis
644 2697 661 2732 u
676 2677 754 2754 filio,
779 2677 827 2732 ubi
839 2678 989 2752 positurus
1005 2697 1035 2734 es
1052 2677 1192 2752 Spiritum

207 2764 367 2819 Sanctum?
405 2764 562 2819 Exciditne
594 2764 646 2820 tibi
667 2765 745 2839 quod
773 2782 884 2838 ponere
921 2783 984 2820 euru
1018 2765 1094 2821 soles
1127 2775 1195 2840 post

198 2851 321 2929 filiuni?
343 2850 411 2906 Erit
427 2869 500 2928 ergo
524 2851 585 2926 ipse
600 2853 675 2908 inter
691 2853 853 2926 apostolum
875 2863 901 2906 et
915 2852 1025 2927 filium,
1055 2864 1081 2908 et
1103 2852 1192 2907 ruritto

165 2937 332 3013 eiompiius
352 2937 468 2994 distabit
483 2938 568 3016 silius
591 2939 626 2993 ab
643 2939 775 3013 apostolo
799 2956 884 3012 quom
911 2951 998 3013 poter
1014 2958 1030 2993 e
1046 2940 1114 3015 filio
1148 2938 1194 2994 Au

201 3025 288 3098 forte
322 3035 351 3079 ut
385 3024 460 3080 inter
474 3024 573 3101 filium
598 3036 624 3080 et
656 3026 820 3100 apostolum
844 3037 930 3098 utque
953 3026 1029 3081 inter
1043 3027 1143 3104 filium
1168 3038 1194 3081 et

205 3122 320 3186 putrem
345 3122 461 3167 maneat
480 3112 604 3185 paribus
627 3112 792 3168 interuallis
815 3112 868 3168 ista
893 3113 1052 3183 distinccio,
1086 3114 1195 3187 equalis

116 3206 180 3268 435‘
208 3199 264 3254 erit
296 3198 425 3274 Spiritus
448 3195 573 3255 Sanctus
594 3193 598 3276 i
619 3199 721 3254 Filio?
754 3200 812 3254 Sed
844 3217 895 3255 nec
928 3200 981 3255 hoc
1013 3201 1107 3257 initiis.
1143 3200 1197 3256 Ubi

209 3302 282 3361 ergo
306 3303 369 3340 euru
391 3285 521 3360 posituri
547 3286 637 3341 estis?
673 3286 701 3341 si
731 3296 838 3360 quauta
860 3286 968 3342 Filium
999 3288 1091 3345 Petri.
1116 3298 1195 3342 tonte

167 3380 199 3428 30
208 3373 370 3447 apostolum
393 3371 469 3426 Filio
492 3372 519 3426 iu
542 3373 718 3428 discretione
737 3374 906 3448 supponitis.
942 3374 1077 3430 Cohibete
1102 3375 1197 3448 itaque

210 3469 305 3515 vestre
324 3459 558 3534 presumptionis
591 3459 744 3514 aiidociam
785 3471 811 3515 et
843 3460 870 3514 iu
904 3460 959 3514 hiis
991 3461 1087 3516 uerbis
1109 3461 1198 3516 nolite

210 3563 331 3621 querere
351 3558 486 3619 quantam
513 3556 539 3602 et
552 3546 623 3600 Filii
636 3557 662 3602 et
678 3547 812 3622 apostoli,
829 3557 940 3602 tantum
959 3546 1058 3603 Patris
1075 3548 1197 3621 Filiique

211 3632 392 3688 distouciam.
423 3633 518 3708 Ipsum
547 3633 654 3689 Filium
682 3634 785 3708 pocius
817 3634 914 3688 aiidite
942 3634 1097 3689 dicentem:
1129 3634 1197 3711 Ego

210 3731 237 3775 et
260 3720 351 3775 Pater
373 3738 460 3775 unum
483 3739 592 3775 sumus.
622 3720 676 3776 Ubi
698 3721 809 3776 Veritus
833 3720 912 3776 uobis
936 3721 1011 3775 inter
1033 3721 1196 3797 genitorem

169 3811 237 3864 stet
260 3806 438 3883 unigenitum
472 3807 581 3862 nulium
611 3808 750 3863 distuncie
771 3808 961 3882 suspicionem
995 3808 1120 3883 reliquit,
1150 3808 1199 3863 ubi

209 3895 326 3972 gradus
350 3903 461 3948 vestros
487 3888 624 3953 Christus
648 3895 754 3965 elicuit,
784 3895 832 3949 ubi
853 3895 949 3950 scelus
978 3905 1090 3950 uestras
1109 3907 1196 3971 petru

210 3980 367 4058 confregit.

263 4164 360 4218 unio
382 4176 466 4218 uturp:
484 4165 637 4221 Augustinus.
715 4165 931 4222 teutsuciuuun,
1014 4166 1195 4208 eommunis.

212 4215 246 4259 30.
262 4219 295 4260 A:
311 4217 335 4259 in
350 4216 421 4259 deest.
489 4215 520 4259 1³5.
538 4219 800 4272 lt:supposituciorteru.
869 4218 904 4260 3u,
920 4221 952 4260 A:
975 4219 1044 4261 eticr't.

265 4359 289 4407 7.
316 4341 376 4391 Joh.
404 4343 468 4404 xttt,
499 4358 538 4392 eo.
659 4362 683 4410 [ι.
712 4346 737 4392 S.
768 4345 928 4409 Augustinus
957 4344 973 4392 1.
1002 4359 1015 4392 c
1052 4359 1111 4408 pag.
1137 4342 1196 4394 nos.

214 4414 254 4464 33.
272 4411 331 4462 Joh.
352 4413 383 4474 t,
404 4414 444 4464 30.
