3098 5130
185 535 252 580 car.
266 522 308 606 n]
460 541 505 592 nn
525 541 762 592 nnrrcnnrsro
783 540 846 590 irs.
866 539 895 590 11.

183 700 239 757 sibi
264 700 362 758 inesse
396 702 486 758 finale
518 703 633 759 bonum
658 703 739 776 quod
764 715 808 757 est
833 699 1004 768 beatitud03
1045 713 1166 757 etcum

183 787 257 844 illud
282 788 312 844 in
336 788 458 846 racione
483 788 645 863 exemplari
667 807 727 846 non
745 787 870 862 suscipit
894 787 961 862 plus
985 788 1030 844 vel
1057 786 1166 856 minus,

182 875 318 950 sequitur
343 878 424 951 quod
448 875 569 933 deitatis
594 875 722 933 dileccio
738 877 839 950 quoad
864 874 938 931 illud
955 894 1015 931 non
1041 873 1165 948 suscipit

184 963 249 1035 plus
273 964 318 1019 vel
343 963 453 1022 minus.
486 963 581 1020 Aliter
617 962 696 1019 enirn
721 963 798 1020 foret
826 961 922 1019 deitas
947 961 976 1017 in
1000 960 1167 1018 dileccionc

159 1064 211 1117 5et
234 1049 306 1107 odio
340 1069 459 1107 summe
490 1049 644 1108 variabilis
668 1049 941 1125 proporcionaliter
971 1062 1004 1105 ut
1028 1062 1166 1106 creatura

184 1136 213 1192 in
239 1137 372 1194 bonitate
395 1139 442 1194 vel
471 1137 592 1195 malicia
615 1137 761 1194 variatur.
801 1138 859 1193 Sed
893 1154 961 1193 cum
987 1139 1066 1192 Deus
1091 1149 1166 1192 eter-

183 1223 291 1281 naliter
323 1224 434 1299 prescit
469 1239 532 1282 tam
566 1226 667 1281 datam
694 1224 860 1282 bonitatem
885 1242 975 1297 quam
1003 1223 1164 1292 maliciam,

183 1311 357 1368 eternaliter
379 1311 478 1369 noscit
502 1312 595 1383 illam,
635 1325 663 1368 et
696 1330 749 1387 per
783 1328 973 1385 consequens
996 1310 1166 1367 necessario

182 1398 278 1472 ipsam
309 1399 407 1472 diligit
439 1398 500 1455 sive
533 1398 612 1466 odit;
648 1413 676 1455 et
699 1397 742 1455 sic
766 1397 892 1472 intelligi
921 1411 1020 1472 potest
1051 1397 1164 1455 dictum

144 1488 253 1559 iosap.
279 1487 324 1554 Xl,
359 1503 413 1560 25:
449 1486 548 1542 Nicin'l
570 1486 657 1542 odisti
687 1504 787 1542 eorum
811 1503 865 1560 que
881 1485 992 1560 fecisti,
1031 1486 1088 1541 hoc
1112 1499 1166 1556 est,

182 1573 297 1629 nullam
315 1587 486 1630 creaturam
508 1591 581 1647 pure
605 1571 705 1643 odisti,
730 1571 874 1647 quiahoc
899 1585 975 1628 esset
991 1571 1165 1647 oppositum

182 1658 212 1716 in
236 1659 365 1729 adiecto,
398 1660 513 1718 scilicet
545 1662 626 1734 quod
651 1675 789 1717 creatura
813 1661 936 1716 haberet
965 1661 1164 1716 essebonum

182 1760 315 1803 creatum
341 1761 369 1804 et
393 1767 453 1804 non
478 1748 600 1804 haberet
625 1747 749 1821 aliquod
773 1747 833 1803 tale
857 1764 930 1803 esse.

225 1837 261 1889 Et
278 1852 310 1890 ex
328 1834 385 1890 isto
402 1835 504 1890 fideles
528 1835 605 1890 ultra
629 1834 752 1890 eliciunt
776 1836 857 1909 quod
881 1837 961 1889 Dens
985 1835 1082 1889 bonus
1104 1852 1165 1890 non
1182 1843 1234 1887 (iod
1250 1851 1336 1888 cannot
1352 1845 1379 1886 be

143 1933 280 1994 15potest
305 1940 368 1978 esse
391 1936 498 1979 auctor
521 1920 781 1997 adnichilacionis‚
810 1921 887 1978 sicut
911 1934 954 1977 est
977 1923 1057 1977 Deus
1084 1938 1165 1977 crea·
1190 1899 1368 1995 ffiffiffisssss

181 2007 286 2076 cionis,
319 2007 390 2082 quia
427 2009 450 2064 si
480 2008 643 2084 quicquam
674 2008 847 2073 adnichilet‚
887 2021 957 2064 tunc
980 2007 1062 2064 iuxta
1085 2007 1166 2064 dicta

182 2094 356 2152 eternaliter
378 2096 443 2152 odit
467 2096 576 2169 ipsum,
601 2109 629 2151 et
654 2114 721 2152 cum
746 2095 845 2169 ipsum
870 2094 1025 2162 creaverit,
1050 2107 1165 2151 eterna-

182 2181 250 2238 liter
282 2195 365 2239 amat
399 2183 495 2256 ipsum
535 2196 563 2239 et
596 2183 667 2238 talia
701 2182 815 2239 scilicet
842 2182 946 2237 odium
976 2195 1005 2237 et
1028 2199 1163 2239 amorem

183 2267 279 2325 inesse
307 2272 369 2326 Deo
396 2269 486 2325 simul
513 2283 650 2342 respectu
678 2269 810 2325 eiusdem
836 2267 1014 2342 simpliciter
1039 2281 1082 2324 est
1121 2286 1165 2324 re-

140 2355 353 2430 aopugnancia
373 2356 541 2413 manifesta.
567 2359 698 2426 Quando
722 2357 800 2412 enim
821 2359 900 2412 Deus
924 2357 985 2411 vult
1010 2355 1164 2411 hominem

183 2443 356 2500 eternaliter
381 2443 552 2517 dampnari.
577 2443 750 2500 eternaliter
767 2457 848 2500 amat
872 2443 983 2515 ipsum,
1009 2441 1078 2517 quia
1104 2442 1165 2497 rult

184 2529 239 2585 sibi
257 2530 430 2588 eternaliter
448 2533 558 2587 bonum
578 2549 663 2604 pene,
688 2545 716 2587 et
741 2530 913 2587 accidencia
932 2549 989 2604 que
1007 2533 1086 2586 Deus
1103 2529 1166 2585 vult

184 2616 331 2687 desinere,
358 2621 437 2673 Deus
453 2618 626 2675 eternaliter
643 2619 704 2674 vult
721 2620 832 2674 habere
856 2616 946 2674 aliam
973 2616 1163 2673 existenciam

184 2703 213 2760 in
237 2704 388 2773 subiect03
422 2705 586 2762 accidentis
620 2705 698 2762 enim
730 2723 795 2761 esse
827 2723 888 2761 non
922 2717 965 2760 est
988 2703 1045 2760 nisi
1070 2703 1166 2759 inesse

142 2791 356 2850 risubstancie
381 2807 413 2848 ut
438 2811 589 2866 suppono.
631 2791 811 2849 Accidencia
835 2790 915 2848 enim
941 2810 1002 2847 non
1026 2804 1095 2846 sunt
1119 2808 1165 2846 res
1216 2804 1342 2848 Accidens

184 2897 237 2951 per
268 2897 299 2934 se
338 2878 495 2952 possibiles
535 2880 579 2935 rel
608 2899 661 2954 per
694 2899 724 2935 se
757 2878 929 2952 signabiles,
966 2892 997 2935 ut
1022 2877 1166 2934 hereticat
1198 2864 1344 2964 Εκίξζᾞζξῐ,

183 2964 397 3024 Antichristus.
423 2969 457 3021 Et
483 2966 525 3022 sic
550 2966 680 3041 quelibet
706 2965 758 3023 Dei
784 2965 910 3022 dileccio
935 2965 1163 3040 quodammodo

183 3053 221 3108 ad
246 3054 449 3110 substanciam
484 3053 679 3117 terminatum
718 3053 812 3109 immo
846 3052 1070 3109 considerando
1095 3070 1163 3124 pro·

184 3139 304 3195 sundins
328 3140 462 3214 quelibet
487 3141 539 3197 Dei
565 3140 691 3197 dileccio
715 3141 944 3215 quodammodo
969 3140 1006 3196 ad
1031 3137 1162 3195 divinam

143 3226 349 3286 aoessenciam
383 3227 580 3296 terminatum
614 3241 642 3284 et
665 3227 708 3284 sic
732 3228 809 3285 forte
833 3226 976 3284 intellexit
1000 3226 1164 3301 Apostolus

183 3316 306 3387 quando
330 3314 416 3370 dixit:
441 3316 522 3371 Deus
545 3327 587 3370 est
610 3315 706 3371 omniu
730 3315 757 3370 in
782 3314 923 3372 omnibus.

226 3403 259 3456 ln
291 3399 348 3458 ista
381 3401 507 3459 materia
540 3415 662 3476 oportet
685 3402 855 3476 relinquere
891 3401 1000 3458 multas
1023 3399 1164 3456 veritates

182 3487 375 3545 absconditas
391 3508 447 3563 pro
469 3488 529 3546 alio
546 3489 613 3546 loco
629 3490 674 3545 vel
696 3488 761 3545 aliis
779 3489 1018 3564 pertractandas.
1036 3489 1163 3561 Oportet

182 3574 262 3630 enim
287 3577 369 3650 quod
394 3576 424 3632 in
456 3594 598 3650 suprema
623 3576 764 3649 potencia
787 3575 920 3633 volutiva
944 3576 1076 3630 reluceat
1099 3587 1160 3630 tam

142 3675 170 3726 35
183 3676 301 3718 creator
325 3682 416 3737 quam
442 3662 537 3720 eciam
562 3663 695 3736 quelibet
719 3676 866 3720 creatura.

225 3751 284 3806 Sed
308 3749 403 3807 tercio
421 3749 544 3807 eliciunt
568 3749 692 3824 quidam
718 3752 798 3824 quod
817 3748 952 3807 Christus
976 3747 1063 3805 simul
1083 3751 1163 3804 Deus
1221 3764 1293 3828 ltprat
1308 3771 1331 3810 ot

182 3849 210 3892 et
244 3837 336 3895 homo
370 3857 430 3894 non
463 3837 527 3893 sine
560 3856 650 3893 causa
681 3837 807 3894 notabili
841 3837 882 3893 sic
912 3835 982 3892 lavit
1006 3834 1162 3908 discipulis
1200 3817 1347 3922 afflig}

181 3923 242 3979 suis
266 3925 366 3998 pedm,
390 3944 458 3981 cum
477 3943 537 3982 non
554 3924 640 3998 fregit
658 3924 800 3981 facecium
818 3925 970 3997 surgendo
994 3942 1010 3978 a
1035 3921 1163 3996 prandio
1174 3934 1265 4016 §unffi
1275 3919 1379 4018 tfqeqvasb

234 4195 295 4250 3-4.
309 4198 344 4240 A:
358 4197 574 4291 sepuitur-minus
588 4197 660 4240 deest.
742 4208 773 4248 ιι.
789 4198 808 4238 A
824 4196 847 4239 in
863 4207 948 4248 maru:
969 4195 1033 4248 quod
1046 4195 1108 4237 Deris
1127 4194 1166 4236 bo-

182 4261 224 4290 nus
246 4261 292 4292 reon
315 4254 381 4304 potes
413 4262 464 4293 erre
485 4254 570 4293 auctor
595 4249 790 4292 adnichilacionis
810 4249 870 4291 sient
892 4253 926 4291 ert
947 4248 1008 4290 Deus
1029 4247 1165 4290 creationis.

183 4302 213 4344 25.
230 4301 260 4344 tt:
275 4302 395 4344 substanti.
472 4313 505 4356 27.
521 4306 542 4345 A
557 4303 580 4345 in
592 4314 678 4356 marga
697 4301 760 4356 qnod
772 4302 871 4356 quelibet
888 4301 932 4342 Dei
945 4300 1041 4344 ditectio
1056 4299 1165 4355 quodam-

182 4354 249 4395 modo
263 4355 411 4396 addititiam
426 4355 551 4398 essenciam
565 4355 713 4397 terminatur.

295 4480 312 4528 l.
332 4480 391 4529 Cor.
411 4481 465 4542 XV,
486 4479 526 4530 28.
