3098 5130
211 490 277 535 cm.
300 477 352 560 m]
499 495 545 544 m:
565 494 802 545 auricumsro
823 495 886 544 Lis.
906 496 924 544 1.

211 675 300 730 super
324 656 381 713 isto
405 658 554 731 dependet
579 656 759 713 absolventis
783 656 939 726 iudicium,
973 656 1092 713 videtur
1114 659 1195 731 quod

210 744 247 800 sit
280 744 456 817 blasphema
490 743 651 816 usurpacio
684 744 887 800 confessorem
917 743 1055 818 accipere
1080 744 1122 800 sic
1145 745 1197 801 ab·

210 831 395 887 solucionem
430 844 459 887 et
491 831 653 888 salutarem
684 831 888 888 innuicionem
914 830 1083 905 penitencie
1107 850 1198 904 super

210 919 320 993 ipsum.
357 916 388 974 Si
420 917 499 974 enim
534 918 688 975 confessus
717 917 755 975 sit
779 918 927 993 prescitus
950 919 996 975 vel
1020 916 1065 974 vir
1089 919 1198 992 duplex

187 1007 240 1061 'sin
266 1003 463 1071 confessione,
497 1019 568 1062 tunc
592 1018 717 1080 peccata
741 1019 851 1063 cuncta
875 1008 1002 1062 redeunt
1024 1024 1080 1062 nec
1104 1024 1197 1080 opera

211 1092 289 1149 illius
314 1091 493 1149 confessoris
516 1111 607 1167 super
630 1092 683 1150 tali
700 1092 764 1150 viro
780 1091 894 1167 duplici
911 1093 1075 1168 quicquam
1093 1107 1197 1167 agunt,

212 1194 242 1236 ut
267 1179 314 1235 bic
337 1180 527 1254 supponitur.
560 1181 636 1236 Cum
670 1199 741 1254 ergo
765 1199 855 1237 nemo
884 1182 972 1237 debet
997 1180 1119 1237 mentiri
1143 1198 1198 1254 pro

210 1281 274 1323 toto
299 1269 412 1323 mundo
436 1267 589 1340 salvando,
615 1268 732 1325 videtur
756 1269 836 1341 quod
860 1268 1015 1324 confessor
1032 1286 1092 1323 non
1110 1269 1199 1324 debet

210 1354 251 1410 sic
283 1372 416 1410 asserere
439 1356 523 1429 quod
547 1355 676 1412 absolvit
704 1353 883 1428 simpliciter
905 1373 992 1411 suum
1018 1354 1198 1411 confessum.

171 1463 200 1494 ιο
253 1439 409 1513 Similiter,
442 1459 532 1498 nemo
565 1444 653 1498 debet
686 1442 889 1517 presumptive
927 1443 1000 1498 dare
1037 1441 1197 1499 audaciam
1241 1449 1380 1493 Confesston

212 1527 374 1601 peccatori,
398 1530 450 1585 sed
474 1528 517 1586 sic
541 1528 655 1586 faciunt
679 1529 883 1586 communiter
902 1529 1102 1597 confessores;
1128 1547 1199 1602 ergo
1211 1503 1325 1597 boiififflss
1336 1508 1364 1596 ,ll
1371 1556 1415 1597 sp,

211 1615 266 1672 ista
291 1634 339 1672 ars
363 1615 536 1672 absolvendi
561 1630 605 1672 est
629 1616 757 1672 fideliter
781 1616 934 1690 fugienda.
968 1616 1042 1686 Quis
1066 1635 1140 1689 rogo
1163 1615 1200 1671 ti-

212 1716 306 1759 meret
339 1721 445 1776 rapere
480 1706 560 1760 bona
593 1702 732 1778 proximi,
766 1705 895 1777 prodere
926 1722 1014 1759 suum
1040 1703 1197 1759 dominum

212 1791 257 1846 vel
282 1804 407 1862 peccata
431 1789 541 1846 similia
566 1791 673 1851 facere.
706 1791 730 1847 si
755 1793 892 1848 crederet
915 1790 1093 1864 simpliciter
1117 1792 1199 1864 quod

173 1881 335 1950 iipropter
368 1877 443 1933 illud
475 1891 632 1951 peccatum
656 1896 718 1934 non
741 1877 854 1935 subibit
880 1877 1024 1934 maiorem
1065 1878 1199 1951 peniten-

213 1963 291 2020 ciam
316 1984 407 2038 quam
433 1965 587 2021 confessor
611 1984 683 2022 suus
707 1964 845 2039 inmugit,
877 1965 948 2038 quia
972 1966 1126 2021 confessor
1150 1983 1200 2021 cu-

214 2050 300 2124 pidus
315 2050 410 2108 eciam
429 2065 552 2126 propter
568 2070 652 2125 spem
671 2050 746 2108 lucri
759 2051 871 2109 modici
884 2052 1021 2120 absolvit,
1040 2051 1199 2124 iniungens

214 2137 415 2211 penitenciam
440 2139 512 2195 satis
537 2139 650 2195 levem?
684 2138 715 2195 Si
740 2158 812 2213 ergo
835 2153 879 2209 (ut
903 2153 1033 2212 arguunt
1060 2139 1200 2209 confessi)

213 2224 325 2281 subibit
359 2224 503 2282 maiorem
538 2225 740 2300 penitenciam
774 2226 804 2282 in
834 2226 1011 2300 purgatorio
1034 2227 1199 2283 secundum

172 2311 349 2368 rodivinum
389 2312 545 2380 iudicium,
584 2327 657 2370 tunc
696 2313 893 2370 confunditur
931 2312 1086 2370 evidencia
1119 2315 1200 2388 quod

158 2474 164 2481 ·
215 2413 370 2473 peccatum
396 2399 470 2456 illud
497 2399 669 2470 remittitur,
694 2402 776 2475 quod
800 2419 936 2475 unquam
961 2399 991 2456 in
1008 2396 1199 2479 purgatorio}

116 2477 181 2535 4⁰³⁸
214 2485 377 2543 satisfaciet
409 2487 455 2543 vel
483 2489 563 2562 quod
588 2507 605 2544 a
630 2490 692 2544 Deo
721 2487 817 2544 lenius
846 2486 988 2561 punietur
1012 2506 1102 2561 quam
1129 2487 1202 2544 assi-

213 2587 309 2630 stente
326 2586 408 2631 tanta
433 2573 618 2631 contricione
642 2588 670 2631 et
694 2593 786 2648 opere
803 2573 959 2631 meritorio
977 2592 1037 2630 non
1054 2573 1201 2631 iniuncto.

258 2660 379 2718 lnlinita
394 2674 463 2718 sunt
487 2661 558 2718 talia
576 2661 821 2718 inconveniencia
838 2681 896 2736 que
920 2661 1074 2719 confessor
1097 2660 1127 2717 in
1146 2662 1202 2718 ista

172 2747 342 2805 rimateria
375 2767 436 2805 non
469 2750 583 2805 evadet.
618 2750 676 2805 Sed
701 2748 819 2806 videtur
847 2751 929 2823 quod
954 2749 1072 2805 laborat
1096 2747 1126 2805 in
1151 2750 1201 2805 de·

215 2833 358 2909 cepcione
393 2835 438 2892 sui
463 2835 591 2892 confessi
616 2855 670 2909 pro
702 2835 832 2910 pecunia
860 2836 906 2893 vel
933 2834 1069 2892 dominio
1097 2835 1201 2911 acqui-

216 2924 320 2991 rendo,
351 2936 378 2979 et
402 2922 443 2979 ita
466 2921 570 2997 alligat
593 2942 685 2996 supra
709 2924 851 2980 humeros
875 2922 1076 2997 penitenciam
1109 2942 1201 2980 onera

215 3008 318 3083 gravia
350 3028 408 3082 que
443 3008 499 3084 ipsi
533 3009 657 3066 sufferre
692 3030 753 3067 non
786 3024 911 3085 possunt
945 3009 976 3066 in
1010 3009 1112 3084 gracia
1148 3029 1202 3066 nec

216 3111 338 3170 propter
371 3096 593 3171 longitudinem
627 3096 772 3171 temporis
801 3116 835 3154 ex
857 3096 1055 3154 ordinacione
1080 3096 1201 3154 Domini

174 3189 405 3257 llosupportare.
438 3183 523 3241 Sicut
546 3203 618 3258 ergo
642 3184 779 3241 Christus
807 3183 935 3241 iniunxit
959 3185 1096 3242 adultere
1119 3186 1202 3260 quod

217 3270 287 3325 nolit
303 3272 429 3346 amplius
448 3290 581 3347 peccare,
607 3285 638 3327 ut
663 3285 745 3345 patet
767 3273 832 3328 loh.
857 3273 930 3341 Vlll,
961 3290 1006 3342 tt,
1027 3271 1068 3328 ita
1085 3270 1203 3328 videtur

218 3358 402 3414 confessores
427 3360 535 3416 debere
552 3357 708 3431 iniungere
724 3358 925 3433 penitenciam
945 3358 1114 3430 confitenti,
1138 3373 1202 3415 tum

217 3444 288 3518 quia
313 3446 395 3501 nulla
419 3460 462 3501 est
487 3464 535 3503 ars
559 3445 776 3520 penitenciaria
801 3465 818 3503 a
842 3465 902 3520 qua
925 3445 993 3521 capi
1017 3459 1116 3520 potest
1139 3464 1202 3503 cer-

218 3531 280 3588 cior
304 3531 474 3605 penitencia
498 3532 692 3607 iniungenda,
716 3546 780 3589 tum
798 3532 893 3590 eciam
911 3532 1056 3608 quiahoc
1074 3533 1202 3590 maxime

175 3621 350 3675 35traheret
384 3639 401 3676 a
434 3632 559 3694 peccato
594 3634 622 3677 et
656 3634 778 3677 sonaret
811 3620 841 3676 in
865 3619 1106 3677 misericordiam
1131 3639 1202 3676 con·

218 3706 350 3768 sessoris.
384 3708 546 3777 Quomodo
580 3726 651 3782 ergo
676 3706 806 3765 crudelis
839 3722 867 3764 et
891 3707 1107 3764 immisericors
1131 3726 1203 3763 con-

217 3793 310 3849 fessor
333 3794 526 3851 necessitaret
550 3797 646 3850 Deum
670 3815 687 3852 a
711 3814 765 3851 suo
797 3794 909 3851 iudicio
937 3794 1203 3861 consenciendum,

219 3898 286 3935 cum
312 3883 391 3937 Deus
424 3901 485 3937 non
518 3883 666 3954 approbat
699 3882 789 3938 vitam
821 3883 865 3937 vel
894 3901 971 3954 opus
995 3901 1081 3937 suum
1112 3895 1203 3938 teme-

219 3967 331 4023 rarium
357 3968 387 4024 in
413 3970 468 4025 hac
492 3969 596 4042 parte?

271 4296 290 4325 a.
306 4287 339 4327 A:
355 4283 497 4344 conformem
511 4285 627 4346 accipiere.
687 4295 718 4326 to.
734 4286 755 4327 Α
769 4285 792 4346 in
808 4296 894 4337 matu:
910 4296 933 4344 ᾳ.
1000 4294 1034 4326 22.
1049 4285 1082 4326 A:
1097 4283 1134 4325 vel
1146 4293 1203 4337 quo·

219 4336 349 4379 danimodo.
392 4347 425 4380 20.
441 4339 474 4379 A:
491 4337 623 4378 veldwmo.
678 4347 712 4388 27.
728 4336 756 4378 B:
772 4342 806 4379 tta
821 4336 897 4388 deest;
912 4337 943 4378 ib.
960 4336 988 4378 B:
1003 4347 1080 4390 super.
1122 4331 1156 4376 3³.
1167 4335 1200 4376 A:

218 4388 390 4483 lffldi'egssila'
464 4387 497 4440 34.
514 4392 547 4432 A:
563 4390 664 4431 maxime
678 4389 748 4430 deest.
816 4387 848 4431 35.
864 4388 892 4430 B:
910 4389 1050 4431 retraheret.
1118 4384 1151 4430 38.
1167 4389 1201 4429 A:
