3098 5130
188 501 257 546 cae.
272 486 349 570 vul]
465 506 510 556 ur
530 506 767 556 artrrcrrrusro
788 506 851 555 ua.
871 506 900 555 u.

189 665 227 722 ad
251 665 371 723 laudem
396 664 450 722 Dei
479 678 507 722 et
531 665 689 722 utilitatem
716 665 841 723 ecclesie
871 667 981 724 referre
1014 669 1091 724 dona
1117 685 1176 741 que

189 754 269 809 Deus
293 771 327 809 ex
355 771 409 809 sua
439 752 541 826 gracia
569 752 610 809 eis
634 752 716 809 dedit
732 772 793 810 non
826 753 1030 827 superbiendo
1055 773 1088 810 ex
1118 753 1176 810 illis

189 839 322 914 acceptis
344 839 519 896 muneribus
543 841 593 896 sed
621 840 809 915 proficiendo
826 841 951 898 ecclesie
969 841 1023 897 Dei
1040 841 1174 914 graciam

189 940 219 983 et
241 926 368 1000 gloriam
399 928 579 984 extollendo.
609 930 645 982 Et
678 929 734 984 hoc
759 929 846 984 docet
879 928 927 986 hic
960 928 1097 986 Christus
1126 949 1175 985 vo-

164 1013 288 1071 Scando
311 1032 342 1070 se
367 1014 465 1088 ipsum
491 1014 669 1087 magistrum
694 1028 723 1071 et
740 1015 908 1073 dominum.
934 1017 992 1072 Sed
1016 1015 1088 1090 quia
1105 1035 1176 1089 pro·

189 1100 336 1176 pinquum
358 1100 388 1157 in
410 1100 467 1158 isto
492 1114 535 1158 est
558 1101 737 1176 periculum,
759 1102 859 1160 videat
890 1094 1070 1159 christianus
1093 1105 1174 1177 quod

187 1204 248 1244 non
276 1190 433 1245 subtrahat
462 1187 576 1246 humile
609 1188 819 1259 ministerium,
843 1192 894 1246 sed
924 1189 1028 1264 pocius
1057 1202 1174 1263 satagat

188 1274 218 1330 id
241 1275 339 1349 ipsum
362 1275 490 1343 adicere,
521 1289 552 1332 ut
576 1274 718 1332 dominus
742 1275 789 1333 hic
813 1276 954 1333 ostendit.
986 1276 1174 1334 Periculosus

187 1360 289 1437 itaque
322 1376 365 1419 est
397 1364 504 1419 modus
537 1362 659 1420 heretici
704 1376 847 1420 truncare
886 1364 976 1420 fidem
1014 1363 1173 1437 scripture,

147 1465 177 1500 ιο
187 1448 336 1524 capiendo
352 1463 469 1523 partem
484 1450 548 1506 eius
563 1452 601 1507 ad
617 1468 737 1507 sensum
749 1464 935 1520 extraneum,
952 1463 1068 1524 partem
1082 1451 1172 1507 aliam
1220 1477 1356 1529 oppam„

187 1556 245 1610 que
277 1555 397 1594 sensum
422 1537 555 1611 priorem
591 1552 752 1612 exponeret
776 1538 956 1608 omittendo,
990 1552 1022 1594 ut
1061 1539 1173 1595 multos
1230 1529 1348 1575 since-wc

187 1622 286 1680 audivi
326 1625 543 1698 respondentes
585 1626 623 1681 ad
667 1625 745 1682 hanc
791 1625 880 1682 fidem
924 1628 1006 1699 quod
1047 1624 1173 1700 quilibet
1190 1586 1382 1689 ccliiiiittiiunaie

186 1709 368 1768 christianus
397 1713 484 1769 debet
508 1711 593 1786 sequi
618 1711 771 1768 Christum
802 1712 832 1769 in
858 1712 1003 1783 moribus,
1028 1725 1060 1769 ut
1084 1715 1173 1770 docet
1203 1689 1376 1784 nffinsshmffiff

187 1797 374 1872 evangelium
399 1797 429 1854 in
462 1799 621 1857 hocloco.
660 1801 726 1868 Que
755 1798 923 1877 (inquiunt)
950 1799 1105 1857 evidencia
1130 1813 1173 1856 est
1232 1794 1345 1848 example.

147 1883 211 1940 rSsi
229 1885 367 1942 Christus
390 1885 433 1942 sic
451 1885 562 1955 lecerit,
587 1899 658 1942 tunc
683 1887 777 1942 debeo
793 1885 933 1943 faciendo
955 1886 1056 1943 taliter
1072 1886 1171 1962 ipsum

186 1972 280 2047 sequi,
304 1991 373 2030 cum
397 1991 487 2030 nemo
511 1971 587 2029 alius
610 1986 709 2047 potest
733 1972 854 2030 Christo
883 1973 913 2029 in
939 1973 1074 2031 moribus
1106 1992 1173 2031 coe-

186 2058 283 2133 quari,
308 2059 376 2116 ideo
400 2061 495 2117 debeo
520 2060 635 2117 deferre
670 2059 859 2134 prerogative
882 2058 994 2117 Christi
1024 2063 1172 2118 servando

187 2145 243 2202 sibi
267 2146 356 2203 istam
380 2146 535 2222 propriam
561 2146 749 2221 dignitatem.

228 2234 317 2291 Tales
334 2233 456 2309 quidem
474 2233 580 2292 discoli
598 2234 710 2291 diaboli
737 2253 796 2291 non
808 2234 1002 2292 considerant
1017 2236 1171 2309 quomodo
1227 2248 1340 2291 Answer:

144 2336 176 2370 ²0
188 2324 292 2378 Petrus
314 2321 420 2378 volens
443 2320 597 2379 Christum
622 2323 784 2395 precedere
808 2336 836 2378 et
853 2322 1000 2378 voluntati
1023 2341 1076 2379 sue
1100 2297 1387 2405 con·„,{v1⁰c{¹ssi¹¹,¹,¹ff„„

186 2407 343 2484 tradicere,
367 2408 454 2466 dixit:
488 2410 569 2466 Absit
605 2410 659 2464 hoc
693 2420 762 2465 ate
785 2409 925 2477 Domirre;
956 2410 1007 2465 sed
1032 2408 1171 2466 Christus
1186 2412 1342 2500 impiam
1357 2470 1383 2500 as

185 2494 334 2570 signanda
357 2494 510 2570 sapiencia
535 2498 656 2552 l'etrum
674 2495 821 2569 corripuit
838 2498 961 2570 quando
978 2495 1064 2552 dixit:
1093 2497 1172 2553 Vade
1187 2507 1221 2550 nr
1235 2520 1261 2550 as
1276 2520 1310 2551 we
1325 2521 1377 2552 can.

182 2594 250 2658 post
273 2601 319 2639 me
340 2584 474 2639 sathana.
500 2585 567 2640 Non
591 2581 671 2639 enim
696 2585 784 2640 docet
815 2583 888 2640 fides
916 2583 1065 2658 scripture
1088 2585 1170 2658 quod

87 2671 154 2735 435·
185 2668 368 2727 christianus
383 2669 493 2744 aliquis
510 2683 674 2745 coequetur
691 2669 813 2727 Christo
829 2670 860 2727 in
883 2671 1017 2727 moribus
1034 2671 1079 2727 vel
1099 2666 1103 2750 Ι
1124 2689 1171 2727 ex-

144 2759 174 2810 25
185 2757 285 2832 cellat,
308 2757 379 2833 quia
396 2756 451 2814 scit
470 2760 544 2814 bene
561 2758 643 2831 quod
662 2758 718 2813 hoc
735 2776 795 2814 non
812 2757 933 2831 poterit,
958 2776 1014 2814 nec
1035 2756 1171 2815 Christus

185 2844 242 2900 hoc
271 2843 409 2919 precipit,
440 2845 493 2902 sed
529 2847 610 2919 quod
641 2844 793 2901 Christum
821 2844 849 2901 in
882 2863 1065 2920 quocunque
1089 2847 1170 2919 quod

184 2930 288 2988 fecerit
299 2930 464 2989 distancius
475 2932 520 2988 vel
531 2931 731 3006 propinquius
744 2931 889 2989 imitetur.
902 2935 963 2989 Nec
973 2945 1017 2988 est
1028 2931 1171 3006 possibile

185 3035 249 3075 esse
273 3016 470 3076 christianum
488 3018 620 3093 aliquem
646 3017 702 3075 nisi
729 3019 868 3076 habuerit
891 3019 1047 3076 aChristo
1064 3032 1170 3093 poten-

185 3104 262 3162 ciam
287 3106 326 3161 ad
349 3105 450 3164 taliter
472 3108 638 3163 secundum
663 3108 789 3180 gradum
815 3106 945 3181 aliquem
973 3105 1169 3172 imitandumt

142 3198 174 3249 30
185 3190 254 3249 ideo
282 3191 323 3249 hii
345 3192 450 3250 discoli
476 3192 651 3250 Antichristi
680 3213 736 3268 pro
760 3196 866 3250 eodem
902 3213 918 3250 a
948 3193 1093 3268 magistro
1114 3212 1169 3250 suo

184 3278 339 3353 accipiunt
366 3280 519 3338 Christum
550 3279 581 3337 in
610 3280 745 3337 moribus
773 3280 886 3337 imitari
911 3293 940 3337 et
968 3280 1024 3337 sibi
1053 3279 1084 3336 in
1112 3280 1170 3336 rir-

184 3365 299 3423 tutibus
323 3366 477 3442 coequari,
501 3369 552 3424 sed
577 3373 634 3425 ista
658 3367 790 3424 stulticia
807 3367 921 3424 diaboli
946 3381 990 3424 est
1013 3366 1132 3442 supina.

229 3454 316 3510 Unde
344 3448 391 3535 (ut
415 3468 500 3511 notat
524 3454 719 3529 Augustinus)
753 3454 808 3511 iste
837 3473 996 3529 processus
1024 3454 1169 3527 evangelii

184 3540 257 3597 satis
276 3540 397 3598 instruit
429 3543 510 3617 quod
542 3561 602 3598 non
620 3561 780 3617 possumus
810 3540 941 3598 Domino
974 3541 1002 3597 in
1033 3541 1168 3598 moribus

142 3627 326 3702 35coequari
362 3629 413 3685 sed
452 3628 652 3704 propinquius
681 3643 732 3685 aut
765 3628 916 3686 remocius
945 3629 1042 3703 ipsum
1072 3628 1167 3703 sequi,

184 3734 252 3772 cum
286 3729 556 3790 quantumcunque
589 3716 714 3773 nitimur
746 3715 794 3772 hic
829 3715 938 3785 invia,
972 3734 1032 3772 non
1064 3734 1168 3772 sumus

183 3800 309 3859 omnino
333 3803 396 3859 sine
413 3817 549 3878 peccato,
573 3803 649 3860 sicut
666 3817 786 3878 oportet
803 3822 857 3859 nos
875 3805 996 3860 credere
1014 3802 1165 3859 Christum

183 3906 257 3946 esse.

224 3975 334 4033 'lercio
351 3995 384 4033 ex
409 3975 496 4033 dictis
521 3977 623 4034 lideles
647 3976 771 4033 eliciunt
795 3978 876 4051 quod
901 3996 991 4049 grave
1008 3990 1165 4050 peccatum
1187 3984 1205 4025 lt
1220 3984 1240 4027 is
1254 3996 1323 4038 arare
1339 3987 1374 4028 siu

138 4077 225 4129 40est
249 4063 329 4119 istud
354 4066 529 4121 mandatum
549 4063 659 4120 Christi
685 4079 915 4138 contempnere;
941 4084 1009 4120 nam
1031 4078 1167 4120 terrenus
1185 4037 1370 4132 pfssffissffl

1216 4141 1242 4183 ot'
1254 4142 1342 4185 Christ.

236 4295 265 4326 ra.
279 4284 301 4326 Α
316 4283 339 4325 in
355 4294 441 4335 marga
459 4282 576 4325 orteccr'o.
632 4284 696 4324 rull
709 4283 828 4335 inmersa:
844 4282 978 4337 Responsio.
1033 4282 1119 4332 2445.
1131 4284 1165 4324 A:

183 4336 321 4378 exexcellat.
389 4333 416 4381 30
442 4336 461 4377 Α
478 4336 499 4376 in
517 4347 602 4384 muru:
619 4348 643 4387 js.

236 4458 275 4493 υ.
296 4442 384 4493 Matth.
403 4443 470 4504 xt't,
491 4446 602 4494 22—23.
