3098 5130
189 479 255 521 rur.
277 463 392 551 sxxut]
464 484 508 532 nu
530 483 767 532 suttcuntsro
790 484 852 532 tin.
873 485 888 532 1.
1331 486 1382 530 12¹

229 647 326 717 Super
358 663 418 718 quo
447 644 640 717 leronymus:
676 645 733 698 Per
766 646 916 720 apostolos
948 645 1074 701 onmium
1108 663 1171 701 cre·
1233 655 1338 698 lemme:

187 731 318 786 deucinm
339 749 467 806 persona
493 732 674 807 designatur,
708 750 763 787 rum
793 733 870 806 quod
892 751 924 788 eo
948 743 1081 808 tempore
1102 752 1171 808 apo·
1187 707 1331 802 Ἶᾏᾬζὲζέἒ
1345 720 1384 802 ,ἷξε

185 818 253 873 stoli
271 819 298 873 in
319 837 444 894 corpore
460 819 626 894 reperiendi
640 820 706 876 siut.
730 819 770 874 Et
786 820 918 893 quoru'ant
936 817 1093 877 abundabit
1109 831 1172 892 etc,
1207 814 1246 907 {5¹¹¹}ss
1261 813 1369 907 29⁰5&ss

185 923 242 962 nott
275 905 401 962 omnium
434 906 553 982 negavit
576 905 670 981 fidem
698 906 750 961 sed
777 907 945 963 multorum.
979 906 1069 962 Mulli
1097 877 1386 977 eniintuewuiiiioey

160 997 250 1048 §sunt
285 993 388 1064 uocati,
418 993 507 1068 pauci
538 1010 607 1048 vero
636 993 726 1050 electi.
761 994 837 1048 Nam
867 1006 893 1050 et
922 995 949 1050 iu
978 995 1118 1069 apostolis
1146 1006 1173 1050 et
1205 971 1232 1013 ot
1244 971 1363 1013 beneven.

184 1080 325 1135 similibus
349 1099 450 1136 eorum
471 1098 669 1156 permansura
694 1092 736 1135 est
759 1082 879 1150 caritas,
904 1083 939 1137 de
959 1100 1014 1156 qua
1030 1083 1172 1157 scriptum

185 1178 242 1223 est:
273 1167 353 1241 Aque
384 1168 473 1223 nutlte
501 1185 556 1222 nem
576 1178 717 1242 poterunt
741 1168 915 1244 extinguere
937 1169 1100 1227 caritatem.
1135 1169 1174 1224 Et

185 1255 245 1329 ipse
261 1255 386 1309 Paulus:
412 1254 485 1320 Quis
508 1274 560 1310 nos
583 1255 730 1329 separabit
754 1272 770 1309 a
795 1256 919 1312 caritate
938 1256 1056 1324 Christi,
1082 1256 1172 1313 tribu·

185 1342 269 1411 laci0,
293 1361 330 1396 au
353 1342 501 1417 angustia,
525 1360 561 1397 au
576 1343 679 1416 salnes
702 1353 728 1397 et
753 1342 889 1418 reliqua?
912 1343 951 1398 Et
972 1343 1175 1419 predicabitur

145 1430 240 1484 tohoc
263 1429 446 1505 euangelium
471 1440 523 1484 etc.
549 1429 672 1506 Signum
697 1430 838 1485 adventus
862 1431 1000 1486 dominici
1021 1443 1063 1486 est
1087 1449 1172 1487 erau-

185 1516 295 1592 gelium
320 1516 348 1571 in
376 1528 436 1571 toto
465 1517 536 1571 orbe
560 1516 722 1591 predicari,
751 1527 781 1571 ut
810 1518 906 1573 nullus
928 1518 965 1574 sit
988 1519 1172 1589 excusabilis,

186 1603 262 1678 quod
293 1615 343 1658 aut
377 1603 434 1658 iam
468 1603 642 1677 completum
679 1615 729 1658 aut
760 1605 787 1658 in
816 1605 898 1660 brevi
933 1605 1078 1662 ceruimus
1112 1624 1174 1662 esse

185 1690 399 1765 complendum.
424 1692 491 1746 Non
515 1691 589 1746 euim
611 1702 682 1766 puto
706 1691 835 1766 aliquam
859 1693 1034 1749 remansisse
1056 1705 1171 1770 gentem

185 1795 239 1852 qne
265 1777 376 1834 Christi
402 1796 504 1834 nornen
533 1778 658 1854 ignoret.
694 1778 734 1834 Et
762 1797 935 1854 quartiquam
960 1799 1016 1836 non
1040 1781 1173 1837 habuerit

146 1865 410 1939 ripredicatorem,
434 1877 531 1921 tamen
555 1883 593 1921 ex
617 1865 715 1921 uicinis
739 1867 905 1923 nacionibus
928 1868 1088 1942 opinionem
1097 1869 1175 1944 fidei

186 1971 240 2007 uon
262 1963 358 2026 potest
381 1953 533 2029 ignorare.
559 1954 621 2008 Hec
645 1955 832 2026 jeronymus.

230 2040 356 2096 Videtur
386 2039 475 2095 istum
506 2052 644 2095 sanctum
675 2059 729 2113 per
757 2042 812 2097 hec
842 2044 931 2097 verba
955 2040 1067 2099 Christi
1092 2041 1172 2098 dicta

187 2126 332 2200 apostolis
355 2126 530 2183 notabiliter
554 2125 720 2199 intelligere
737 2146 898 2201 personam
916 2147 1039 2185 suorum
1056 2148 1173 2186 sncces-

185 2232 286 2268 sorum
320 2213 349 2269 in
377 2232 519 2288 processu
553 2213 698 2288 temporis
723 2214 911 2287 futurorum,
945 2229 974 2273 et
1007 2216 1050 2273 sic
1083 2218 1172 2273 verba

144 2320 175 2352 20
187 2300 297 2356 Christi
334 2314 459 2375 possunt
494 2319 565 2357 sane
598 2300 723 2374 intelligi
757 2321 791 2358 ac
820 2302 844 2358 si
873 2304 970 2359 forent
999 2303 1040 2359 illi
1073 2304 1172 2360 future

187 2387 312 2444 ecclesie
336 2388 497 2462 applicata.

231 2474 435 2532 Crisostomns
470 2489 569 2532 autem
610 2496 699 2550 super
738 2476 795 2532 isto
834 2490 914 2532 textu
949 2477 991 2534 sic
1024 2477 1171 2551 loquitur:
1203 2500 1369 2556 chrysostom:

187 2562 335 2618 Existimo
368 2563 445 2637 quod
473 2563 519 2618 hic
547 2564 604 2618 iarn
634 2564 728 2640 deficit
756 2564 906 2638 exposicio
935 2565 1109 2639 corporalis,
1143 2576 1172 2620 ut
1202 2553 1372 2596 Th⁸⁸²W⁰fd⁸

421 2651 425 2662 ,
525 2651 530 2661 ,
1196 2606 1235 2648 did
1252 2611 1292 2648 not
1307 2618 1336 2665 ap
1356 2606 1377 2649 lv

187 2651 222 2705 de
253 2661 383 2725 tempore
415 2651 466 2705 uto
499 2651 630 2706 dicamus
663 2670 717 2725 quo
748 2651 911 2707 Jerusalem
952 2663 1036 2726 capta
1075 2662 1117 2706 est
1154 2671 1171 2707 a
1223 2666 1246 2700 10
1261 2658 1298 2701 tlte
1313 2618 1353 2700 rai

144 2738 337 2810 25Rornanis,
361 2755 399 2793 ex
422 2756 454 2793 eo
478 2738 555 2811 quod
572 2738 662 2793 dixit:
691 2740 769 2793 Tuue
792 2739 909 2793 tradent
934 2757 984 2794 tros
1007 2739 1034 2793 in
1051 2739 1172 2794 tribula·
1191 2709 1382 2805 bpppgrppplcrppc

187 2824 306 2894 cionem,
340 2826 474 2898 quereiam
507 2824 633 2899 apostoli
667 2837 693 2880 et
717 2826 808 2881 ceteri
839 2825 992 2881 christiani
1023 2838 1089 2881 tunc
1118 2844 1173 2881 non
1204 2814 1370 2910 ffilgfffiffffcpn

187 2922 323 2986 ceperunt
348 2911 412 2986 pati
432 2912 676 2987 persecucionern,
703 2913 818 2988 quando
843 2912 894 2967 illa
919 2914 1013 2968 onmia
1038 2925 1175 2988 ceperunt

184 2999 345 3073 preparari
381 3011 482 3054 contra
514 2998 688 3070 Jerusalem,
732 3011 759 3055 et
788 3019 843 3055 non
872 3000 974 3075 pocius
1006 3001 1058 3056 sed
1090 3000 1174 3057 inicio

185 3103 224 3140 ex
239 3103 295 3160 quo
309 3085 443 3141 Christus
459 3087 597 3153 ascendit,
615 3087 687 3142 sicin
703 3099 786 3143 actus
802 3088 1002 3161 apostolorum
1020 3098 1172 3143 testantur.

144 3178 176 3227 30
188 3173 278 3228 Plane
300 3173 495 3248 spiritualiter
518 3175 660 3236 corn-enit,
691 3175 807 3249 qttando
836 3175 888 3230 hec
917 3176 1013 3231 onirtia
1037 3186 1175 3250 ceperunt

186 3259 260 3336 fieri
282 3271 384 3315 contra
423 3261 572 3316 ecclesiam
600 3261 720 3331 Christi,
759 3263 789 3316 id
812 3273 862 3328 est,
896 3264 1010 3336 quando
1038 3274 1174 3337 ceperunt

186 3365 248 3403 esse
271 3347 412 3424 dogmata
427 3349 512 3422 salsa
537 3349 620 3421 qnasi
638 3348 865 3423 pseudochristi,
900 3351 1014 3424 quando
1037 3361 1174 3425 ceperunt

186 3435 353 3490 audiciones
369 3434 450 3510 fieri,
481 3436 596 3509 quando
625 3435 729 3510 incepit
760 3437 918 3511 insurgere
948 3436 1058 3492 heresis
1085 3455 1175 3512 super

187 3522 311 3577 heresim
342 3532 368 3577 et
391 3522 574 3596 episcopatus
602 3541 693 3598 super
715 3523 922 3597 episcopatum,
954 3524 1068 3598 quando
1085 3524 1173 3598 sacta

144 3611 174 3662 35
186 3619 228 3664 est
244 3609 348 3682 sanies
373 3609 454 3665 uerbi
475 3610 503 3665 in
525 3611 634 3684 populo
658 3611 826 3679 christiano,
849 3612 964 3685 quando
985 3611 1173 3686 comprehen-

187 3697 292 3752 derunt
324 3715 372 3752 eos
400 3697 567 3772 pestilencie
596 3698 734 3752 viciorum
766 3698 933 3758 nntltorum.
962 3699 1078 3774 quando
1094 3698 1176 3772 sacti

186 3794 252 3839 sunt
283 3783 324 3840 eis
357 3795 533 3840 terremotus
557 3785 756 3841 turbaciontun
791 3785 826 3840 de
850 3786 936 3840 rebus
959 3785 1075 3856 diuinis,
1107 3796 1174 3842 tuuc

1363 2652 1371 2662 υ

185 4074 200 4116 d
238 4021 603 4097 uninmargnleronymus„
666 4036 684 4066 ι’.
705 4026 738 4066 A:
757 4029 905 4086 signatum
954 4036 977 4077 9.
998 4025 1026 4067 ll:
1046 4024 1173 4079 arsames

187 4082 257 4134 cest.
332 4076 413 4116 roni
433 4075 727 4136 hocerangelmnrdeesr.
798 4079 943 4138 ¹rsnzram
958 4079 1030 4120 deest.
1106 4078 1173 4131 ι7.Α

186 4138 208 4169 ur
224 4138 311 4221 maipa
325 4125 450 4210 lohannes.
509 4195 513 4203 .
530 4139 562 4170 22.
578 4129 600 4171 Α
614 4141 637 4170 tn
654 4140 740 4190 marga
759 4128 921 4207 Crrsostonms.
972 4131 1019 4206 Ι26.
1035 4128 1064 4172 B:
1080 4129 1174 4190 qnando

186 4183 269 4274 35⁰5?
277 4190 391 4288 pamma,
424 4179 456 4221 .8.
478 4181 513 4222 Α.
530 4180 743 4236 quotide-pocius
757 4182 830 4224 deest.
897 4193 931 4235 27.
948 4181 976 4223 B.
992 4181 1108 4236 quomodo
1123 4181 1171 4223 illa.

248 4372 267 4405 t.
289 4357 394 4407 Comm.
411 4359 435 4406 in
450 4358 539 4407 ttauh.
560 4359 576 4407 i.
590 4375 612 4408 c.
632 4375 689 4423 pag.
712 4361 854 4425 ¹93-194·
926 4375 949 4422 7.
971 4359 1044 4407 Cant.
1064 4358 1129 4419 vlu,
1149 4374 1173 4423 7.

189 4425 213 4474 8.
236 4427 312 4476 Rom.
332 4428 387 4487 vu,
414 4426 453 4480 35.
509 4431 550 4480 23.
569 4429 620 4493 Op.
641 4430 705 4492 imp.
726 4429 740 4477 Ι.
763 4445 784 4478 c.
804 4445 829 4492 ρ.
848 4429 898 4494 943
918 4429 1006 4490 tect).
