3098 5130
183 475 250 519 cae.
266 461 360 544 svnt]
468 479 512 529 oc
532 478 769 529 suricuntsro
790 478 854 527 us.
873 478 891 526 1.

181 639 236 695 sibi
261 637 417 714 presencia
440 657 501 695 non
526 652 570 695 est
595 637 769 712 fingendum
795 638 878 712 quod
903 636 987 712 prius
1011 635 1084 694 dicit
1109 638 1166 694 hoc

183 728 254 794 lore,
280 727 414 782 secundo
439 727 496 782 hoc
520 744 584 782 esse
607 739 635 782 et
659 723 753 782 tercio
778 725 835 782 hoc
860 723 958 781 fuisse.

489 995 492 1000 ’
545 1000 649 1063 CAP.
674 999 803 1063 LVIII.

226 1145 369 1220 Sequitur
393 1144 422 1201 in
447 1157 528 1200 textu
546 1143 688 1201 Matthai:
714 1144 760 1199 Ile
783 1144 940 1200 dicantem
966 1143 1017 1199 illa
1041 1155 1068 1200 et
1092 1143 1167 1199 bora

159 1235 264 1289 §nuno
287 1234 349 1300 scit,
375 1249 464 1306 neque
487 1232 588 1308 angeli
609 1231 750 1301 celorum,
774 1231 830 1287 nisi
848 1243 934 1306 pater
956 1232 1045 1287 solus.
1070 1233 1168 1305 Super

182 1340 242 1394 quo
258 1322 451 1391 leronymus:
482 1320 513 1374 ln
535 1318 707 1395 quibusdam
727 1318 841 1373 Latinis
863 1318 1011 1374 codicibus
1033 1318 1166 1373 additum
1228 1323 1333 1387 tyrone:

183 1412 218 1462 'et
243 1426 331 1482 neque
346 1406 454 1484 filius’,
478 1424 543 1462 cmn
568 1407 595 1461 in
615 1405 719 1461 Grecis
743 1416 768 1460 et
793 1405 922 1460 maxime
946 1405 1120 1461 Adamancii
1140 1414 1168 1459 et
1187 1375 1366 1483 ,fiifflffiigi

183 1494 273 1550 Pierii
298 1494 518 1569 exemplaribus
549 1493 603 1548 hoc
634 1510 690 1548 non
722 1491 864 1547 habeatur
886 1492 1077 1568 adscriptum,
1115 1490 1168 1547 sed
1204 1479 1281 1575 ⁰225?
1300 1490 1362 1575 {¹⁰¹⁸

183 1582 248 1655 quia
272 1581 301 1636 in
326 1580 470 1637 nonnullis
493 1579 614 1657 legitur,
640 1579 840 1635 disserendum
865 1579 988 1634 videtur.
1032 1578 1168 1634 Gaudent
1322 1565 1327 1574 ¹

144 1686 171 1717 10
182 1668 255 1723 enim
267 1669 356 1723 Arius
379 1678 405 1723 et
422 1667 596 1738 Eunomius,
610 1666 696 1743 quasi
714 1665 888 1743 ignorancia
905 1666 1045 1744 magistri
1066 1664 1167 1744 gloria

183 1755 390 1830 discipulorum
420 1755 466 1824 sit,
505 1765 531 1809 et
559 1753 658 1809 dicunt
696 1769 752 1808 non
780 1764 876 1827 potest
899 1753 1009 1828 equalis
1036 1769 1098 1808 esse
1119 1751 1170 1826 qui

183 1843 261 1897 novit
284 1853 311 1896 et
335 1842 383 1917 qui
405 1842 534 1920 ignorat.
572 1840 683 1896 Contra
716 1857 788 1915 quos
810 1839 938 1895 breviter
966 1841 1021 1896 ista
1045 1839 1168 1895 dicenda

181 1940 257 1984 sunt.
286 1929 358 1984 Cum
383 1929 478 1985 omnia
496 1939 626 2003 tempora
642 1926 755 2002 jecerit
776 1926 869 1998 lesus,
894 1928 949 1983 hoc
972 1938 1024 1996 est,
1049 1927 1168 1982 uerbum

183 2016 255 2072 Dei:
282 2015 387 2071 Omnia
403 2016 477 2071 enim
499 2015 672 2090 peripsum
689 2014 776 2088 sacta
800 2024 910 2070 suntet
933 2015 995 2070 sine
1018 2014 1080 2088 ipso
1097 2014 1168 2087 jac-

143 2104 243 2157 tfitum
267 2113 310 2158 est
332 2103 437 2170 nichil;
465 2102 492 2157 in
517 2101 647 2158 omnibus
671 2111 766 2156 autem
790 2101 969 2176 temporibus
993 2101 1083 2157 eciam
1109 2100 1170 2155 dies

184 2190 282 2246 iudicii
303 2189 349 2256 sit,
374 2208 429 2264 qua
455 2188 659 2262 consequentia
680 2197 777 2262 potest
799 2188 860 2243 eius
882 2199 999 2262 partem
1016 2189 1169 2265 ignorare,

184 2278 264 2333 cuius
287 2287 377 2333 totum
402 2276 539 2333 nouerit?
562 2275 627 2331 Hoc
649 2292 760 2350 quoque
783 2273 935 2330 dicendum
952 2286 1002 2330 est.
1025 2274 1105 2343 Quid
1128 2285 1170 2330 est

185 2364 287 2434 maius,
311 2364 417 2420 noticia
436 2363 532 2439 patris
545 2373 595 2418 attt
611 2361 732 2417 iudicii?
760 2361 793 2415 Si
815 2362 908 2418 maius
931 2363 1010 2419 novit
1026 2361 1169 2437 quomodo

184 2451 304 2527 ignorat
328 2452 405 2525 quod
432 2451 526 2506 minus
549 2460 600 2507 est.
632 2448 779 2523 Scriptum
804 2448 944 2526 legimns:
988 2448 1093 2529 Omnia
1118 2466 1170 2523 que

142 2556 174 2589 20
181 2539 277 2613 patris
299 2548 367 2594 sunt
389 2537 478 2593 michi
492 2537 605 2593 tradita
628 2545 703 2591 sunt.
729 2535 762 2589 Si
782 2536 877 2591 onmia
898 2535 996 2610 patris
1010 2534 1072 2612 filii
1093 2545 1169 2604 suut,

183 2643 239 2700 qua
263 2625 381 2680 racione
413 2625 497 2680 unius
518 2624 574 2679 sibi
596 2622 654 2678 diei
675 2621 810 2677 noticiam
841 2622 1005 2679 reservarit
1029 2632 1055 2678 et
1079 2621 1170 2678 noluit

185 2730 247 2768 cam
276 2711 493 2768 communicare
525 2729 589 2767 cum
619 2709 697 2785 filio.
739 2709 798 2764 Sed
829 2720 856 2765 et
888 2711 943 2767 hoc
970 2709 1172 2766 inserendum:

186 2799 218 2854 Si
239 2799 426 2855 nouissimum
444 2799 518 2854 diem
536 2808 701 2873 temporum
725 2795 853 2873 ignorat,
878 2796 997 2874 ignorat
1020 2806 1047 2852 et
1067 2796 1170 2871 penul·

185 2886 286 2940 timum
311 2897 338 2941 et
362 2897 526 2943 retrorsum
543 2902 654 2941 onmes,
678 2882 744 2939 Nou
768 2883 841 2939 euim
863 2894 959 2959 potest
973 2883 1048 2961 fieri
1071 2883 1172 2958 utqui

143 2977 173 3025 25
181 2973 309 3048 primum
339 2973 469 3050 ignorat,
505 2972 579 3028 sciat
602 2970 672 3046 quid
698 2970 856 3027 secundum
885 2971 932 3027 sit.
971 2971 1070 3048 Igitur
1105 2969 1171 3045 quia

183 3060 373 3135 probavimus
396 3078 451 3115 non
469 3059 612 3137 ignorare
619 3057 718 3134 filium
735 3056 793 3111 Dei
802 3057 1061 3115 consummacionis
1085 3057 1171 3127 diem,

186 3165 274 3203 causa
291 3146 441 3202 reddenda
459 3156 501 3202 est
516 3164 570 3202 cur
586 3146 729 3223 ignorare
752 3143 878 3201 dicatur.
903 3145 1059 3220 Apostolus
1074 3155 1169 3201 autem

185 3252 272 3308 super
288 3233 444 3289 Salvatore
466 3233 583 3289 scribit:
606 3232 638 3287 In
662 3249 718 3306 quo
735 3242 802 3286 sunt
826 3250 925 3288 omnes
941 3231 1074 3289 thesauri
1095 3231 1171 3306 sapi·

186 3322 263 3376 encie
286 3331 312 3376 et
335 3321 458 3376 sciencie
481 3319 651 3375 absconditi.
676 3318 748 3373 Sunt
772 3336 846 3397 ergo
869 3338 969 3376 omnes
991 3319 1123 3375 thesauri
1144 3319 1171 3373 in

145 3414 176 3461 30
190 3407 307 3463 Christo
330 3407 474 3483 sapiencie
496 3418 523 3463 et
546 3406 676 3474 sciencie,
700 3405 753 3460 sed
775 3406 937 3463 absconditi
958 3418 1033 3462 sunt.
1071 3404 1173 3481 Quare

186 3493 355 3550 absconditi.
386 3495 455 3550 Post
480 3493 728 3550 resurrecciouem
753 3492 954 3570 interrogatus
977 3494 1012 3548 ab
1036 3491 1173 3567 apostolis

187 3583 221 3637 de
245 3581 290 3636 die
313 3581 468 3655 manifeste
491 3581 654 3656 respondit:
687 3578 752 3633 Non
776 3593 818 3635 est
843 3590 971 3636 vestrum
996 3596 1079 3635 nosse
1102 3592 1173 3634 tem-

184 3686 260 3743 pora
295 3669 340 3724 vel
372 3679 516 3724 momenta
550 3687 603 3742 que
632 3677 721 3740 pater
750 3668 848 3740 posuit
886 3668 914 3722 in
946 3685 998 3723 sua
1019 3675 1171 3741 potestate.

191 3756 314 3827 Quando
338 3756 421 3812 dicit:
444 3755 522 3811 ‘Non
547 3766 588 3810 est
613 3763 740 3810 vestrum
763 3753 848 3810 scire'
875 3754 998 3810 ostendit
1013 3753 1091 3828 qnod
1114 3752 1175 3827 ipse

239 4088 256 4132 3.
273 4091 307 4132 A:
326 4088 380 4144 Cap.
396 4087 450 4149 ttjt.
507 4088 532 4149 o..
544 4089 566 4130 A
580 4088 603 4149 in
620 4099 706 4149 marg:
722 4086 869 4141 leronymus.
927 4098 961 4148 ²⁰:
977 4090 1010 4130 At
1026 4086 1073 4129 Sed
1087 4097 1173 4129 omnm.

187 4143 221 4193 28,
236 4154 272 4196 29.
287 4141 317 4184 B:
332 4142 356 4183 t'n
372 4139 463 4182 cunno
477 4152 504 4183 sa
522 4151 596 4182 tencre
609 4145 632 4183 et
645 4141 744 4183 sciencie
763 4140 805 4182 red
822 4139 959 4183 abtcoudt'tt.
1034 4136 1123 4184 20-30.
1139 4141 1173 4181 A:

188 4192 411 4237 Sunt-absconditi
424 4196 477 4235 suut
508 4200 562 4235 cest.

238 4353 263 4400 4.
295 4336 385 4386 Matth.
417 4337 507 4398 XXIV,
540 4335 580 4388 36.
613 4338 717 4387 Comm.
747 4338 772 4386 in
801 4336 891 4386 Matth.
921 4337 937 4386 Ι.
966 4350 987 4385 c.
1022 4351 1082 4400 pag.
1119 4352 1174 4402 ¹99·

192 4422 229 4466 14.
248 4405 307 4455 boh.
327 4407 344 4467 I,
366 4408 388 4457 3.
447 4423 483 4472 ¹9·
499 4407 586 4456 Lucae
605 4408 635 4468 X,
656 4421 696 4456 22.
752 4404 938 4467 28.c01.tt,3.
995 4407 1104 4456 [tanet.
1119 4407 1136 4467 I,
1151 4422 1174 4472 7.
