3098 5130
164 505 233 550 cur.
248 493 314 577 xic]
449 510 496 560 nu
514 510 753 562 nuncumsro
773 512 837 560 tin.
857 511 875 560 i.

165 686 193 728 et
218 671 353 747 duplices
371 663 519 728 hereticos
536 690 628 746 quam
645 670 796 728 hereticos
812 669 998 744 manifestos,
1015 672 1087 747 quia
1103 675 1155 730 ab·

163 777 303 816 sconsum
329 777 476 817 venenum
501 777 554 816 sue
583 758 694 815 heresis
722 759 790 834 plus
813 757 952 833 displicet
975 762 1038 817 Deo
1062 779 1154 835 quam

162 865 310 903 venenum
335 846 417 904 aliud
444 846 650 918 manifestum3
680 858 709 902 et
736 845 779 903 sic
802 844 833 902 in
858 845 915 903 isto
938 845 984 904 Ve
1011 846 1155 922 octuplici
1203 843 1254 938 ΓΝ
1269 852 1330 887 ”¹0⁵¹

163 933 266 991 omnia
295 953 405 1008 genera
432 935 552 991 occulte
580 933 692 990 heresis
721 932 972 1008 multiplicantur.
1009 934 1040 991 Si
1073 933 1154 992 enim
1180 908 1343 1009 ,treiitigffi

139 1021 267 1079 §fideles
283 1023 432 1079 auderent
455 1039 598 1092 asserere,
623 1034 692 1076 sunt
715 1021 783 1095 plus
803 1019 966 1094 periculosi
983 1020 1108 1078 heretici
1124 1021 1155 1078 in
1179 1001 1361 1107 ’ἓιξὲἑᾞῗῗξζῐ

163 1126 254 1183 opere
283 1108 334 1183 qui
363 1109 393 1165 in
421 1109 501 1166 facto
528 1121 599 1165 sunt
628 1106 773 1164 contrarii
803 1107 873 1164 fidei
896 1107 1056 1182 scripture,
1085 1107 1156 1165 licet
1222 1107 1318 1149 cumen.

165 1209 310 1253 vocentur
337 1210 437 1271 patres
465 1194 631 1253 beatissimi
656 1209 684 1251 et
708 1193 809 1269 capita
838 1193 995 1252 militantis
1019 1195 1155 1253 ecclesie.

166 1286 202 1339 Et
225 1283 423 1340 conformiter
446 1283 641 1340 senciendum
666 1295 710 1338 est
734 1284 771 1338 de
795 1281 938 1339 hereticis
961 1281 1155 1340 inferioribus

165 1370 217 1445 qui
249 1372 304 1427 sub
338 1372 440 1428 colore
472 1370 599 1427 istorum
634 1368 837 1426 hereticorum
871 1369 1046 1444 capitalium
1086 1384 1156 1427 sunt

125 1458 303 1532 roprotecti.
337 1457 422 1515 Sicut
456 1456 535 1514 enim
571 1458 683 1513 facturn
714 1458 826 1512 bonum
860 1455 928 1531 plus
960 1457 1061 1531 placet
1092 1461 1156 1514 Deo

166 1564 257 1619 quam
283 1547 364 1602 nuda
388 1547 478 1602 verba
502 1544 572 1601 licet
595 1562 675 1613 vera,
704 1543 747 1600 sic
771 1561 848 1618 opus
873 1546 1037 1618 reprobum
1062 1543 1156 1619 scrip·
1174 1575 1221 1618 Bac
1238 1576 1276 1619 tire
1291 1588 1366 1619 worse

166 1646 232 1688 ture
255 1650 340 1689 sacre
358 1631 544 1689 contrarium
562 1632 630 1706 plus
648 1630 787 1705 displicet
805 1633 868 1687 Deo
892 1649 984 1705 quam
1002 1649 1157 1689 sermones
1207 1629 1335 1723 rqanttatse

165 1719 313 1794 scripture
337 1738 421 1776 sacre
445 1718 600 1790 contrarii,
625 1717 694 1775 licet
712 1716 823 1774 fuerint
842 1717 1002 1774 manifesti.
1027 1721 1089 1776 Nec
1113 1734 1157 1776 est
1235 1692 1330 1724 ΜΝ

166 1806 309 1881 possibile
333 1825 516 1881 quemquam
534 1824 597 1862 esse
614 1804 780 1862 hereticum
797 1803 855 1861 nisi
875 1806 912 1862 de
929 1819 1043 1880 quanto
1069 1806 1159 1863 fuerit

126 1894 314 1969 15scripture
337 1913 422 1951 sacre
446 1893 616 1951 contrarius
639 1892 670 1949 in
694 1910 786 1967 opere
810 1893 857 1948 vel
880 1910 1029 1952 sermone.
1055 1895 1092 1949 Et
1115 1893 1158 1950 sic

167 1981 360 2038 manifestum
390 1980 536 2038 iudicium
565 1994 610 2038 est
638 1981 721 2054 quod
751 1979 859 2054 prelati
888 1993 957 2035 sunt
981 1980 1106 2037 heretici
1130 1994 1158 2037 et

166 2082 321 2143 serpentes
353 2070 424 2125 dum
450 2067 560 2124 fuerint
584 2067 642 2123 vite
672 2065 783 2123 Christi
808 2065 953 2123 contrarii
979 2081 1007 2123 et
1032 2085 1082 2125 eos
1106 2067 1158 2142 qui

166 2156 276 2212 vellent
292 2155 391 2212 vivere
407 2155 498 2212 vitam
516 2154 721 2228 evangelicam
739 2166 971 2228 persequentes,
997 2154 1040 2210 illi
1057 2169 1157 2211 autem

166 2262 257 2317 super
277 2257 382 2317 pectus
405 2261 494 2299 suum
512 2241 693 2317 gradiuntur
717 2254 746 2297 et
769 2255 882 2297 terram
902 2242 1064 2298 comedent
1088 2260 1159 2298 con·

122 2330 261 2400 notinue,
296 2332 367 2386 dum
393 2343 473 2387 totus
497 2330 582 2387 labor
606 2347 711 2385 eorum
736 2341 782 2385 est
797 2341 922 2403 propter
945 2347 1030 2385 suam
1055 2348 1160 2403 super·

167 2417 248 2474 biam
282 2419 485 2475 exaltandam.
519 2419 555 2472 Et
590 2434 696 2473 causas
728 2428 884 2472 terrestres
917 2417 1039 2472 student
1068 2429 1159 2490 atque

167 2503 337 2561 discuciunt
361 2518 486 2579 propter
510 2504 628 2560 lucrum
661 2501 789 2578 pecunie
813 2501 982 2577 postposita
1006 2502 1070 2576 lege
1095 2502 1159 2559 Dei.

167 2594 204 2648 Et
229 2591 270 2648 ita
294 2591 317 2649 si
335 2591 431 2648 fidelis
455 2592 579 2648 auderet
603 2589 712 2661 dicere,
737 2608 805 2646 vere
829 2604 857 2646 et
880 2588 1036 2646 meritorie
1059 2603 1160 2664 posset

168 2680 332 2736 defendere
356 2681 438 2753 quod
463 2696 542 2753 papa
565 2678 626 2734 sive
651 2680 789 2734 Romana
813 2676 982 2733 euriacum
1000 2675 1061 2733 suis
1078 2695 1160 2733 com-

125 2766 298 2841 25plicibus
328 2779 371 2822 est
397 2765 465 2823 fidei
494 2763 642 2840 scripture
667 2764 761 2838 magis
791 2763 970 2821 contrarius.
996 2763 1055 2838 lpsi
1079 2763 1159 2820 enim

169 2853 365 2928 publicarunt
389 2842 468 2909 istud
501 2852 583 2909 virus
606 2851 813 2926 serpentinum
838 2865 995 2925 tamquam
1021 2849 1158 2908 tiriacam

170 2942 251 3015 quod
276 2954 497 3015 persequantur
515 2953 543 2997 et
559 2939 733 3016 extinguant
753 2938 856 2995 fideles
873 2937 985 2994 Christi
1001 2951 1158 3012 tamquam

171 3028 328 3098 hereticos,
353 3042 382 3084 et
406 3030 477 3084 dum
495 3029 583 3102 plene
599 3045 690 3084 causa
706 3025 866 3082 discutitur
882 3039 942 3083 stat
957 3024 987 3082 in
1004 3024 1062 3081 isto
1078 3028 1159 3100 quod

170 3114 227 3190 ipsi
252 3116 417 3173 defendunt
440 3115 537 3188 legem
562 3113 685 3186 Christi,
714 3111 762 3169 cui
785 3111 834 3169 isti
858 3126 928 3169 sunt
951 3111 981 3168 in
1005 3112 1065 3169 vita
1090 3132 1160 3170 con-

127 3212 160 3261 30
171 3202 256 3259 trarii
281 3221 345 3259 esse
368 3220 481 3274 veram,
506 3215 535 3259 et
557 3200 601 3257 sic
624 3219 685 3257 non
701 3202 840 3257 obstante
857 3213 921 3256 tota
937 3218 1051 3275 pompa
1067 3219 1158 3274 quam

169 3289 284 3347 faciunt
313 3308 419 3346 omnes
448 3301 671 3363 persequentes,
700 3300 821 3362 oportet
845 3286 927 3362 ipsos
951 3286 981 3342 in
1005 3287 1065 3344 vita
1090 3306 1161 3344 con-

170 3376 281 3434 sentire
313 3375 383 3433 huic
418 3375 487 3433 fidei
519 3375 666 3450 scripture
698 3392 757 3449 que
790 3388 834 3432 est
862 3374 904 3431 eis
933 3373 1094 3444 contraria,
1128 3389 1160 3431 ut

171 3464 282 3520 dicitur
305 3463 431 3522 Matthei
454 3466 495 3532 V;
518 3463 564 3520 vel
587 3462 675 3519 aliter
691 3461 840 3536 scriptura
857 3461 922 3536 ipsa
938 3475 1006 3535 post
1031 3475 1159 3518 mortem

171 3553 270 3608 tradet
299 3570 350 3608 eos
379 3549 472 3607 iudici
501 3564 531 3607 et
558 3549 647 3607 iudex
674 3550 774 3606 tradet
802 3549 882 3624 ipsos
906 3548 1071 3605 tortoribus
1095 3568 1161 3605 cru-

129 3638 303 3708 35ciendoS,
332 3638 403 3714 quia
432 3657 500 3695 cum
529 3655 619 3713 super
650 3636 747 3693 omnia
780 3637 867 3692 vincit
891 3636 1009 3707 veritas,
1040 3649 1161 3711 oportet

172 3728 250 3783 hanc
273 3726 430 3783 veritatem
455 3724 658 3799 evangelicam
684 3723 813 3780 finaliter
836 3725 1000 3799 prevalere.

219 3817 280 3870 Nec
304 3820 425 3871 excusat
448 3814 531 3887 quod
555 3813 628 3869 tales
648 3810 773 3868 heretici
790 3810 951 3868 instituunt
968 3810 1062 3866 multa
1086 3810 1161 3867 festa
1171 3821 1377 3880 Tueirnewtjeasrs

173 3915 234 3958 tam
264 3914 437 3957 sanctorum
467 3919 558 3975 quam
587 3901 623 3957 de
651 3898 864 3972 solempnitate
891 3896 1026 3972 corporis
1051 3897 1161 3954 Christi
1177 3874 1370 3980 ,ffi‘gfffl's'ffis

173 3988 204 4044 in
228 3988 353 4045 ecclesia
378 3985 537 4058 militante,
561 3986 632 4061 quia
662 3984 685 4042 si
710 3987 788 4043 facta
811 3985 868 4042 ista
891 3984 1069 4058 diligencius
1092 3997 1162 4041 sunt
1193 3977 1355 4021 christiani!

131 4099 164 4146 40
174 4074 294 4148 rimata,
319 4076 545 4148 condempnant
572 4073 645 4130 istos
669 4073 816 4130 hereticos
844 4086 1001 4147 tamquam
1025 4071 1085 4129 vite
1109 4090 1161 4129 sue
1225 4031 1330 4086 nothing.

183 4471 187 4479 Ι
228 4417 286 4479 ς-3.
302 4420 335 4461 Α;
351 4428 546 4480 sue—venenum
560 4416 631 4459 deest.
685 4414 718 4461 23.
735 4416 764 4458 A:
780 4412 905 4470 r'tafidelr'r
919 4414 967 4470 qui.
1034 4411 1064 4467 31,
1078 4411 1112 4456 32.
1126 4413 1160 4456 A:

177 4483 201 4514 m
215 4482 253 4514 rua
267 4476 408 4518 consentire.
