3098 5130
585 532 674 581 orus
693 496 945 581 cvsuoffl'cuu
966 497 1035 581 uus
1048 530 1090 582 111.
1156 510 1240 596 [esu
1258 491 1330 572 oxu.

710 704 814 768 CAP.
839 705 955 768 LXII.

386 846 528 921 Sequitur
552 847 580 904 in
605 861 687 906 textu
712 848 852 906 Matthei:
893 851 926 905 Si
958 860 1053 905 autem
1088 848 1201 905 dixerit
1232 847 1332 904 malus

342 935 392 990 ille
413 953 516 990 seruus
550 936 578 991 in
602 937 691 992 corde
715 956 788 992 suo:
826 937 945 992 Moram
967 936 1047 1011 facit
1071 935 1217 992 Dominus
1248 953 1332 991 meus

343 1023 449 1093 uenire,
473 1032 499 1077 et
515 1024 623 1098 ceperit
639 1034 795 1098 percutere
815 1042 971 1080 conservas
993 1041 1070 1079 suos.
1095 1022 1254 1078 Manducet
1276 1040 1330 1078 au-

343 1119 398 1163 tem
428 1120 455 1165 et
482 1110 559 1165 bibat
587 1129 650 1166 cum
680 1112 818 1179 ebriosis,·
855 1111 946 1167 ueniet
975 1110 1109 1166 dominus
1139 1109 1220 1166 servi
1250 1109 1358 1167 ittiuss

343 1196 370 1250 in
395 1197 441 1251 die
464 1214 519 1270 qua
551 1216 606 1252 non
628 1211 728 1272 sperat
761 1211 788 1253 et
812 1200 884 1253 ltora
917 1216 972 1273 qua
1006 1198 1125 1275 ignorat
1157 1209 1184 1253 et
1220 1195 1330 1252 dividet

343 1301 405 1337 eum
426 1293 599 1359 partemque
626 1285 687 1339 eius
706 1298 794 1360 ponet
818 1304 881 1340 cum
900 1286 1068 1362 ypocritis;
1100 1284 1141 1340 ibi
1167 1285 1221 1340 erit
1237 1282 1331 1362 fletus

343 1382 369 1425 et
392 1370 505 1425 stridor
529 1372 669 1426 dencium.

386 1459 484 1530 Super
507 1476 567 1530 quo
589 1462 784 1532 leronymus:
824 1459 876 1514 Ex
899 1459 1101 1533 superioribus
1120 1459 1228 1534 pendet
1251 1458 1331 1532 quod

342 1545 415 1599 sicut
442 1544 584 1601 sollicitus
618 1565 722 1601 seruus
745 1559 771 1601 et
795 1564 911 1621 semper
938 1547 1094 1601 adrentum
1120 1545 1240 1601 Domini
1257 1563 1377 1620 pre-10

342 1631 453 1687 stolans
476 1633 567 1687 tradit
590 1633 701 1688 cibaria
725 1634 873 1689 cmtserris
897 1635 924 1687 in
949 1646 1081 1708 tempore
1104 1651 1156 1689 suo
1179 1643 1206 1687 et
1226 1643 1330 1707 postea

342 1736 432 1792 super
454 1719 550 1774 onmia
574 1720 648 1775 bona
679 1721 909 1795 patrisfamilias
941 1721 1136 1786 constituitur,
1160 1721 1200 1775 ita
1223 1738 1239 1776 e
1261 1736 1329 1775 con-

344 1805 438 1860 trario
460 1807 510 1879 qui
543 1807 625 1861 iuxta
655 1808 836 1887 Ezechielem
871 1808 962 1862 dicit:
1002 1808 1033 1862 ln
1067 1819 1200 1884 tempora
1239 1807 1330 1883 longa

343 1892 400 1967 fiet
423 1892 499 1946 istud
531 1905 558 1948 et
591 1913 645 1948 non
677 1905 760 1968 putat
791 1895 847 1949 cito
877 1895 1034 1949 Dominum
1073 1912 1135 1951 esse
1167 1905 1331 1963 venturum,

345 1979 449 2052 sactus
472 1981 602 2035 securior
627 1992 708 2036 uacat
737 1981 829 2056 epulis
852 1993 937 2056 atque
969 1982 1087 2037 luxurie
1110 1993 1136 2038 et
1160 2000 1215 2037 non
1239 1981 1376 2040 lenem15

341 2068 589 2140 patremfamilias
612 2069 664 2122 sed
686 2068 902 2124 severissimum
926 2070 1032 2124 senciet
1056 2069 1188 2128 iudicem.

128 2150 333 2246 tlffineipflssgfpvtaffi
388 2153 500 2208 ‘Veniet
525 2155 658 2210 dontinus
689 2155 769 2210 serni
792 2156 869 2210 illins
893 2158 958 2211 etc.³
982 2157 1048 2212 Hoc
1076 2157 1169 2231 ipsum
1195 2157 1276 2211 docet
1301 2166 1332 2210 nt

344 2240 444 2310 sciant,
469 2242 583 2314 quando
607 2261 661 2297 non
683 2253 807 2317 putatur
825 2242 976 2305 Dominus,
1001 2255 1068 2298 tunc
1091 2262 1155 2299 eum
1180 2260 1241 2299 esse
1264 2261 1331 2299 ven·

344 2339 442 2382 turum
482 2339 509 2382 et
540 2329 695 2405 uigilanct'e
728 2348 762 2384 ac
800 2330 1002 2385 sollicitudinis
1036 2331 1251 2405 dispensatores
1278 2329 1331 2384 ad-

346 2425 449 2471 monet.
483 2415 578 2469 Porro
603 2417 679 2490 quod
703 2417 785 2471 dicit:
813 2417 932 2472 Diridel
960 2436 1034 2488 eum,
1065 2436 1120 2472 non
1150 2436 1205 2492 quo
1227 2415 1377 2493 gladiose

345 2520 408 2557 eum
439 2502 558 2556 dissecet
591 2504 642 2557 sed
665 2522 719 2578 quo
743 2522 759 2557 a
783 2515 951 2559 sanctorum
986 2505 1135 2560 consorcio
1165 2513 1281 2578 separet
1304 2513 1332 2558 et

341 2601 458 2664 partem
489 2589 550 2644 eius
569 2601 657 2663 ponet
685 2608 749 2644 cunt
768 2591 935 2667 ypocritis:
973 2610 1036 2646 cum
1061 2592 1105 2647 ltis
1130 2591 1261 2646 uidelicet
1284 2589 1334 2665 qui

345 2687 428 2731 erant
451 2677 479 2730 iu
503 2694 580 2752 agro
612 2676 697 2731 etiam
722 2678 770 2751 qui
802 2678 948 2733 molebant
972 2691 997 2734 et
1022 2678 1223 2733 nichilominus
1247 2678 1331 2733 dere-

344 2763 406 2818 licti
427 2775 501 2818 sunt.
528 2765 599 2837 Sepe
615 2764 743 2819 disitnus
761 2765 935 2842 ypocritam
960 2766 1041 2820 aliud
1063 2784 1125 2822 esse
1147 2766 1229 2820 aliud
1242 2765 1332 2821 simu-

345 2851 409 2905 lare
432 2850 478 2905 rel
492 2851 655 2913 ostendere,
678 2852 751 2907 sicut
767 2863 793 2906 et
818 2852 845 2905 in
869 2871 946 2930 agro
962 2863 989 2908 et
1013 2853 1040 2908 in
1058 2854 1135 2909 mola
1159 2853 1234 2908 idem
1252 2851 1331 2907 vide·
1344 2860 1376 2910 25

345 2939 431 2993 ltatur
456 2937 563 3010 facere
593 2939 672 3012 quod
703 2939 913 2994 ecclesiasticus
947 2940 992 2993 rir
1022 2941 1075 2995 sed
1097 2940 1193 2996 exitus
1217 2939 1333 2994 diverse

346 3025 501 3079 uoluntatis
524 3026 678 3099 apparuit:
702 3028 765 3082 Hec
788 3028 977 3099 Jeronymus,

138 3105 320 3204 [lfff'fnacfpfffil
387 3110 515 3167 Videtur
548 3112 637 3168 istum
663 3127 800 3168 sanctum
828 3113 985 3170 manifeste
1010 3115 1142 3189 pandere
1167 3115 1329 3170 adventum

344 3197 522 3254 Antichristi
547 3201 722 3256 adsensum
744 3196 748 3279 l
770 3201 954 3274 expositum
980 3216 1007 3258 et
1032 3202 1101 3258 hinc
1126 3201 1332 3256 immorantur
1359 3207 1425 3275 4²7⁵

346 3285 448 3341 fideles
472 3286 500 3340 in
525 3287 579 3341 isto
603 3298 729 3343 tractatu
758 3289 931 3344 Anticltristi
959 3302 984 3346 et
1013 3289 1128 3345 nomine
1159 3307 1210 3345 suo
1240 3287 1376 3348 notui-30

345 3382 414 3427 naut
438 3373 523 3428 istum
550 3374 664 3434 librum.

135 3454 327 3559 ffislpzffiffiffis
389 3459 593 3517 Crisostomus
618 3476 717 3518 nutem
735 3481 825 3536 super
841 3462 897 3518 isto
914 3476 994 3518 testu
1019 3462 1061 3519 sic
1087 3461 1235 3536 loquitur:
1261 3463 1330 3517 Per-

141 3560 287 3619 urongonty
303 3560 322 3602 it
346 3558 443 3603 cutere
466 3559 507 3603 est
520 3549 623 3604 iniuste
635 3560 800 3624 percutere,
825 3551 873 3624 qui
888 3563 982 3606 autem
996 3560 1122 3625 propter
1138 3550 1248 3605 iusticie
1264 3566 1330 3603 cau-

190 3618 276 3657 um¹¹⁵⁸⁴
345 3653 407 3689 sam
429 3637 557 3710 percutit
582 3637 636 3690 etsi
655 3637 780 3710 percutit
801 3648 957 3711 percutere
981 3656 1035 3692 non
1053 3637 1175 3692 ridetur.
1202 3636 1331 3691 Perculit

346 3741 408 3776 eum
433 3741 488 3777 uon
513 3733 543 3776 ut
565 3741 648 3777 suum
674 3723 804 3778 dolorem
830 3724 952 3779 uindicet
975 3725 1027 3779 sed
1050 3734 1079 3778 ut
1102 3723 1181 3778 illius
1203 3723 1329 3778 animam
1344 3730 1374 3781 35

346 3809 449 3864 salvet.
479 3810 538 3876 Qui
561 3820 656 3864 aretem
678 3820 804 3884 propter
828 3811 921 3865 Deum
950 3810 1077 3885 percutit
1096 3809 1248 3884 percussio
1272 3808 1332 3863 eius

401 4169 465 4210 uA:
483 4166 599 4221 Cap.LX.
672 4168 741 4211 213:
762 4180 839 4211 onem.
909 4168 940 4211 ui.
962 4169 1187 4212 &serenissimum
1254 4169 1331 4212 nuli:

346 4255 453 4298 disseret,
521 4254 554 4297 28.
570 4257 592 4298 Α
606 4255 629 4297 in
645 4267 730 4309 marg:
745 4255 870 4300 lohannes.
941 4254 974 4301 32.
991 4256 1049 4301 Ain
1065 4268 1151 4311 marga
1168 4254 1331 4300 Crieostonms.

399 4413 422 4447 2.
441 4398 530 4448 Matth.
549 4399 640 4461 XXIV,
658 4398 771 4462 48—52.
811 4416 835 4468 9.
849 4402 954 4451 Comm.
973 4403 1000 4451 in
1013 4399 1103 4451 Matth.
1123 4400 1140 4449 l.
1159 4416 1180 4450 c.
1200 4416 1259 4467 pag.
1274 4415 1332 4451 201.

350 4468 388 4520 13.
406 4469 451 4518 Ez.
471 4469 524 4530 llll,
544 4483 584 4518 υ.
643 4470 683 4521 32.
703 4471 754 4535 Op.
774 4470 838 4535 Imp.
858 4470 874 4519 l.
893 4485 914 4521 c.
934 4485 993 4536 pag.
1012 4470 1072 4539 959.
