3098 5130
7 572 69 625 igion
86 578 147 613 must

5 636 18 665 n
34 624 72 666 tlte
86 624 150 666 beart

7 676 20 717 d
37 676 57 717 is
71 682 139 718 nota

1 735 78 770 inaltet
92 728 119 769 ol'

3 780 65 822 ward
80 782 153 831 siuns.

2 3351 61 3411 llow
77 3352 113 3393 tlte

3 3417 97 3446 tarlsees
112 3410 134 3445 ol

401 402 491 451 ‹srrrs
509 400 761 451 Esttsuoamcust
783 401 847 452 tto.
866 400 906 450 nr.
1015 382 1107 467 [can.
1125 396 1172 441 tv.

214 559 341 618 Videtur
363 564 446 636 quod
469 562 524 619 iste
547 577 668 619 sanctus
684 562 852 619 sentenciat
869 560 1048 633 religionem
1068 579 1168 635 quam

171 647 307 704 Christus
331 652 479 724 approbat
495 664 575 706 stare
599 649 629 705 in
654 651 744 706 corde
768 664 797 706 er
821 668 881 706 non
897 650 1169 723 preponderanter

171 732 200 788 in
225 734 317 808 signis
340 735 510 805 sensilibus
533 737 612 794 sicut
634 736 691 793 fuit
714 735 744 792 in
767 750 896 811 utraque
924 736 998 811 lege,
1033 736 1166 810 quando

171 822 300 895 populus
339 842 356 879 a
395 825 527 881 medulla
564 836 778 899 preceptorum
812 822 934 880 Domini
973 822 1164 879 declinabat.

169 906 253 965 Sicut
277 909 356 966 enim
382 914 463 968 Deus
487 924 588 967 noster
612 925 655 967 est
680 914 761 967 Deus
782 908 965 967 insensibilis
981 922 1010 965 et
1027 907 1190 966 instituit-i

169 993 354 1054 insensibilia
378 1016 442 1055 esse
466 1011 622 1072 tamquam
649 997 774 1055 meliora
798 998 904 1071 pocius
921 996 1092 1067 adoranda,
1118 994 1163 1053 sic

169 1083 231 1139 sult
267 1083 443 1157 religionem
476 1104 561 1142 suam
594 1100 674 1142 stare
708 1085 737 1141 in
763 1099 872 1149 mente,
907 1083 1020 1158 inqua
1045 1082 1163 1141 caritas

169 1183 213 1225 est
238 1170 371 1239 fundata,
405 1187 433 1229 et
458 1192 517 1229 non
542 1171 673 1245 s'tlitstice
698 1172 727 1229 in
752 1172 809 1229 hiis
833 1170 926 1245 signis
951 1168 1161 1231 sensibilibus.

169 1255 246 1314 sieut
278 1259 435 1316 sensibiles
459 1278 476 1316 a
501 1260 564 1333 lege
589 1260 641 1316 bei
676 1259 862 1316 declinantes
895 1259 932 1315 ad
964 1258 1101 1314 seculum
1130 1256 1160 1313 in

170 1343 229 1401 line
252 1345 411 1420 utriusque
435 1346 607 1403 testamenti
632 1360 788 1421 tamquam
806 1345 941 1420 ypocrite
964 1342 1158 1401 factitabant.
1175 1358 1204 1391 ω

171 1433 320 1489 llebemus
356 1433 435 1490 enirn
470 1434 602 1490 recolere
631 1435 785 1507 quomodo
816 1435 982 1489 humanum
1008 1448 1103 1505 genus
1128 1430 1160 1488 in

170 1519 230 1574 lisa
264 1537 421 1592 peresum
447 1520 530 1594 pomi
554 1519 636 1577 vetiti
663 1535 706 1577 est
730 1521 891 1594 deceptum
938 1532 967 1576 et
999 1519 1161 1593 quomodo

170 1622 216 1660 res
233 1605 419 1663 insensibiles
436 1621 467 1663 ut
491 1606 604 1665 sanitas
626 1607 656 1664 in
681 1606 814 1678 bomine,
838 1607 939 1663 anima
963 1604 993 1661 in
1018 1622 1159 1679 corpore.

170 1705 198 1747 et
223 1695 302 1749 Deus
337 1694 366 1751 in
392 1696 504 1750 mundo
537 1694 588 1768 qui
613 1707 657 1750 est
682 1695 940 1768 complementum
965 1710 1019 1749 sue
1042 1690 1162 1748 fabrice

170 1793 238 1835 sunt
262 1782 350 1836 rebus
374 1781 565 1838 sensibilibus
589 1780 730 1838 meliores
753 1794 782 1837 et
807 1800 859 1854 per
876 1798 1064 1854 consequens
1089 1777 1160 1835 reli·
1176 1776 1205 1827 ¹5

170 1865 219 1937 pio
251 1886 342 1941 quam
369 1870 447 1924 boos
480 1868 509 1924 in
533 1883 662 1942 utraque
686 1888 740 1925 sua
765 1870 829 1941 lege
853 1866 935 1941 eligit
960 1866 1103 1923 landatur
1127 1864 1160 1922 in

170 1951 272 2009 animo
296 1954 326 2011 in
351 1973 412 2029 quo
429 1958 507 2011 Deus
524 1956 586 2011 sult
603 1957 768 2012 secundum
793 1973 966 2029 supremam
991 1952 1159 2010 volutisam

170 2039 341 2113 potenciam
381 2056 409 2098 et
442 2044 608 2098 secundum
648 2061 821 2116 supremam
861 2042 1002 2098 virtutem
1041 2038 1160 2096 scilicet

170 2127 325 2184 caritatem
350 2127 495 2185 sincerius
511 2129 609 2203 ipsum
628 2130 696 2199 coli,
720 2132 772 2185 sed
790 2126 963 2184 bominibus
980 2126 1160 2184 declinanti·

170 2216 224 2270 bus
252 2217 289 2271 ad
315 2215 521 2274 inordinatum
547 2235 681 2273 amorem
708 2217 811 2272 mundi
845 2213 1003 2277 sensibilis,
1035 2231 1210 2273 necesseao
1247 2204 1260 2231 ⁸

169 2314 212 2357 est
236 2304 317 2376 quod
346 2302 376 2359 in
400 2303 458 2361 ista
481 2324 556 2375 puro
580 2302 726 2373 religione
758 2302 901 2359 deficiant
926 2315 954 2358 et
978 2298 1160 2373 religionem

169 2387 258 2445 aliam
293 2390 448 2447 fundatam
473 2390 715 2447 insensibilibus
740 2404 865 2464 propter
897 2386 1058 2463 ypocrisim
1093 2406 1163 2444 am·

170 2476 349 2548 plectantur.
384 2481 420 2533 Et
453 2477 530 2534 sicut
563 2476 697 2551 religiosi
730 2477 760 2533 iu
795 2478 853 2533 line
883 2476 956 2549 legis
979 2474 1088 2532 veteris
1112 2492 1161 2531 se-

169 2564 315 2619 duxerant
346 2565 493 2637 populum
523 2564 552 2619 in
581 2565 709 2635 duobus,
742 2564 855 2621 scilicet
883 2564 914 2619 in
937 2560 1106 2637 pltilateriis
1131 2575 1164 2619 et

170 2649 305 2713 limbriis,
329 2650 372 2707 sic
396 2650 527 2723 religiosi
552 2650 645 2707 nostri
670 2650 824 2724 decipiunt
853 2648 1211 2725 proporcionabiliter25

170 2738 315 2810 populum
349 2736 380 2793 in
416 2737 472 2793 biis
508 2737 612 2811 signis.
649 2739 733 2795 Sicut
766 2738 845 2795 enim
886 2738 1019 2794 declarat
1052 2736 1164 2793 Petrus

170 2826 342 2881 Comestor:
376 2824 536 2881 Philoteria
571 2837 655 2881 erant
684 2844 778 2900 parve
806 2824 994 2881 arrerrbraunle
1017 2822 1109 2901 ligate
1131 2824 1163 2879 in

169 2911 286 2966 sinistro
323 2912 443 2967 brachio
475 2913 515 2969 ad
546 2912 712 2968 itrtuendroo
743 2914 917 2990 decalogum
941 2911 1163 2975 mandatorum,

170 2999 209 3052 od
230 2998 428 3075 figamaodtrm
460 3001 537 3073 quod
565 3000 634 3075 plus
671 3000 774 3055 ceteris
805 3001 941 3056 castrabant
974 2996 1161 3073 decalogum,

171 3084 212 3140 sic
237 3099 282 3163 tut
306 3085 354 3141 hic
378 3100 479 3142 narrat
502 3082 693 3159 Jeronyntusl
719 3088 869 3143 habebant
894 3086 924 3141 in
948 3084 1045 3141 fronte
1069 3084 1160 3141 istam
1177 3092 1214 3142 30

173 3174 401 3228 menbranulam
427 3173 598 3247 colligatam
624 3188 651 3229 et
682 3174 783 3229 rntdtis
801 3172 898 3229 modis
916 3187 947 3228 ut
964 3190 1016 3245 per
1033 3172 1160 3227 modum

172 3276 283 3315 corone
306 3272 457 3333 patentem
483 3260 577 3316 oeulis
601 3262 638 3316 ad
663 3260 741 3317 idem
768 3260 931 3333 ypocritice
955 3259 1161 3331 figurandum.

217 3348 253 3402 Et
277 3346 353 3403 sicut
379 3348 507 3403 mundus
532 3360 560 3403 et
585 3367 637 3421 per
662 3366 849 3421 consequens
874 3349 1040 3402 humanum
1064 3362 1162 3417 genus

2 3451 206 3499 astoer-ancl
245 3434 351 3490 maiori
392 3435 507 3491 cautela
547 3434 658 3491 diaboli
689 3435 825 3508 procedit
865 3434 894 3489 in
915 3430 919 3515 Ι
941 3432 1080 3501 deterius,
1115 3431 1162 3489 sic

1 3511 27 3550 lte
43 3510 125 3561 people

174 3520 302 3594 pharisei
339 3521 427 3577 hodie
462 3522 608 3578 deludunt
641 3524 755 3595 populo
788 3522 923 3578 fallacius
962 3520 992 3576 in
1030 3520 1160 3575 duobus.
1174 3524 1210 3575 35

172 3608 256 3664 Sicut
279 3607 359 3664 enim
378 3607 514 3664 Christus
534 3628 594 3665 non
619 3609 691 3664 dicit
716 3612 752 3665 de
776 3608 864 3665 sectis
882 3606 1036 3664 hodiernis
1054 3624 1161 3679 repro-

172 3695 232 3751 bis:
262 3696 364 3751 (lmur'a
388 3714 552 3771 qraectmque
569 3696 699 3752 diaerint
717 3697 795 3751 vobis
819 3697 869 3751 laet·
886 3706 1001 3751 servate
1016 3706 1042 3749 et
1052 3693 1161 3767 jacite,

224 3884 240 3914 1.
256 3873 276 3914 Α
293 3872 314 3913 iu
332 3884 416 3925 marga
430 3869 558 3913 latrantres.
637 3871 657 3913 3.
677 3873 710 3912 al:
731 3874 859 3912 nosteros!
874 3870 935 3912 [leus
950 3871 1021 3911 deest.
1087 3872 1108 3907 b.
1123 3869 1160 3911 A:

172 3924 298 3966 trurdanda.
354 3936 384 3973 ιι.
401 3925 434 3965 al:
450 3928 472 3965 e!
486 3923 557 3964 deest.
614 3935 645 3976 to.
670 3926 702 3966 ll:
726 3924 786 3975 ipsi:
805 3924 835 3965 rb.
858 3922 884 3964 ll:
905 3922 956 3964 celi.
1017 3918 1102 3969 2124.
1125 3924 1160 3963 A:

171 3976 320 4018 nauarent.
383 3974 418 4023 [lt.
433 3978 466 4017 el:
482 3982 503 4016 et
518 3976 589 4017 deest.
653 3974 688 4023 lo,
704 3974 736 4025 37.
752 3976 785 4017 A:
802 3976 917 4029 rapt-olet.
984 3970 1018 4027 37.
1033 3972 1096 4015 vobo
1109 3984 1160 4014 ser-

173 4034 224 4069 uare
237 4030 347 4082 vasante-
360 4034 382 4069 e!
393 4032 567 4081 pervertantur.
636 4026 667 4081 1³7.
684 4030 717 4070 A:
733 4032 825 4070 seranta*
839 4032 861 4068 e!
875 4027 945 4069 deest.

226 4137 265 4186 2¹3.
294 4138 332 4185 tlt.
358 4136 424 4184 l‘elr.
454 4137 615 4184 (Iomestoris
646 4136 711 4184 llist.
742 4136 841 4197 Evang.
873 4136 937 4198 Cap.
966 4133 1104 4182 cxxxlllz
1137 4134 1160 4181 A

170 4208 284 4269 philost
297 4206 369 4270 punt
390 4216 429 4253 est
448 4220 558 4255 seruare
577 4218 599 4252 et
620 4214 703 4259 torae.
723 4207 796 4269 quod
811 4216 850 4254 est
870 4206 918 4253 lex.
939 4204 1064 4252 Rutulum
1087 4202 1159 4251 enim

173 4276 304 4324 habebant
323 4276 515 4339 appendentem
543 4275 612 4322 collo
631 4276 671 4323 vel
691 4274 809 4323 brocltin.
838 4275 862 4322 in
889 4289 943 4338 quo
967 4273 1061 4335 scripta
1085 4282 1161 4321 erant

174 4347 265 4395 decem
286 4356 406 4409 precepta
426 4344 491 4407 legis·
511 4379 517 4391 .
539 4380 544 4390 .
565 4381 571 4392 .
