<?xml version="1.0" encoding="UTF-8"?>
<!DOCTYPE html PUBLIC "-//W3C//DTD XHTML 1.0 Transitional//EN"
    "http://www.w3.org/TR/xhtml1/DTD/xhtml1-transitional.dtd">
<html xmlns="http://www.w3.org/1999/xhtml" xml:lang="en" lang="en">
 <head>
  <title>
</title>
<meta http-equiv="Content-Type" content="text/html;charset=utf-8" />
  <meta name='ocr-system' content='tesseract 3.04.00' />
  <meta name='ocr-capabilities' content='ocr_page ocr_carea ocr_par ocr_line ocrx_word'/>
</head>
<body>
  <div class='ocr_page' id='page_1' title='image "./iohanniswyclifo01wyclgoog_0145.png"; bbox 0 0 3098 5130; ppageno 0'>
   <div class='ocr_carea' id='block_1_1' title="bbox 587 495 1345 581">
    <p class='ocr_par' dir='ltr' id='par_1_1' title="bbox 587 495 1345 581">
     <span class='ocr_line' id='line_1_1' title="bbox 587 495 1345 581; baseline 0.001 -20"><span class='ocrx_word' id='word_1_1' title='bbox 587 513 677 562; x_wconf 80' lang='lat' dir='ltr'>oeus</span> <span class='ocrx_word' id='word_1_2' title='bbox 695 513 947 565; x_wconf 77' lang='lat' dir='ltr'>evnuoeucuu</span> <span class='ocrx_word' id='word_1_3' title='bbox 969 514 1033 565; x_wconf 81' lang='lat' dir='ltr'>ua.</span> <span class='ocrx_word' id='word_1_4' title='bbox 1052 514 1092 565; x_wconf 85' lang='lat' dir='ltr'>tu.</span> <span class='ocrx_word' id='word_1_5' title='bbox 1153 495 1236 581; x_wconf 72' lang='lat' dir='ltr'>[cnr.</span> <span class='ocrx_word' id='word_1_6' title='bbox 1254 510 1345 557; x_wconf 70' lang='grc' dir='ltr'>ιω.</span> 
     </span>
    </p>
   </div>
   <div class='ocr_carea' id='block_1_2' title="bbox 348 670 1344 836">
    <p class='ocr_par' dir='ltr' id='par_1_2' title="bbox 348 670 1344 836">
     <span class='ocr_line' id='line_1_2' title="bbox 349 670 1344 753; baseline 0.008 -26"><span class='ocrx_word' id='word_1_7' title='bbox 349 670 421 729; x_wconf 89' lang='lat' dir='ltr'>libet</span> <span class='ocrx_word' id='word_1_8' title='bbox 453 691 556 729; x_wconf 86' lang='lat' dir='ltr'>corum</span> <span class='ocrx_word' id='word_1_9' title='bbox 593 672 745 748; x_wconf 87' lang='lat' dir='ltr'>impressit</span> <span class='ocrx_word' id='word_1_10' title='bbox 779 689 963 733; x_wconf 83' lang='lat' dir='ltr'>caracterem</span> <span class='ocrx_word' id='word_1_11' title='bbox 993 695 1047 751; x_wconf 90' lang='lat' dir='ltr'>per</span> <span class='ocrx_word' id='word_1_12' title='bbox 1074 694 1166 753; x_wconf 89' lang='lat' dir='ltr'>quem</span> <span class='ocrx_word' id='word_1_13' title='bbox 1196 675 1344 735; x_wconf 87' lang='lat' dir='ltr'>Christus</span> 
     </span>
     <span class='ocr_line' id='line_1_3' title="bbox 348 759 995 836; baseline 0.011 -21"><span class='ocrx_word' id='word_1_14' title='bbox 348 773 439 833; x_wconf 85' lang='lat' dir='ltr'>caput</span> <span class='ocrx_word' id='word_1_15' title='bbox 462 759 588 818; x_wconf 85' lang='lat' dir='ltr'>ecclesie</span> <span class='ocrx_word' id='word_1_16' title='bbox 612 760 806 836; x_wconf 81' lang='lat' dir='ltr'>singulariter</span> <span class='ocrx_word' id='word_1_17' title='bbox 828 776 995 825; x_wconf 87' lang='lat' dir='ltr'>notaretur.</span> 
     </span>
    </p>
   </div>
   <div class='ocr_carea' id='block_1_3' title="bbox 701 950 978 1017">
    <p class='ocr_par' dir='ltr' id='par_1_3' title="bbox 701 950 978 1017">
     <span class='ocr_line' id='line_1_4' title="bbox 701 950 978 1017; baseline -0.004 0"><span class='ocrx_word' id='word_1_18' title='bbox 701 950 808 1017; x_wconf 87' lang='lat' dir='ltr'>CAP.</span> <span class='ocrx_word' id='word_1_19' title='bbox 830 951 978 1016; x_wconf 87' lang='lat' dir='ltr'>XXIX.</span> 
     </span>
    </p>
   </div>
   <div class='ocr_carea' id='block_1_4' title="bbox 344 1096 1382 2394">
    <p class='ocr_par' dir='ltr' id='par_1_4' title="bbox 344 1096 1382 2394">
     <span class='ocr_line' id='line_1_5' title="bbox 390 1096 1340 1173; baseline 0.001 -19"><span class='ocrx_word' id='word_1_20' title='bbox 390 1097 534 1173; x_wconf 87' lang='lat' dir='ltr'>Sequitur</span> <span class='ocrx_word' id='word_1_21' title='bbox 557 1097 588 1154; x_wconf 90' lang='lat' dir='ltr'>in</span> <span class='ocrx_word' id='word_1_22' title='bbox 611 1109 692 1155; x_wconf 80' lang='lat' dir='ltr'>textu</span> <span class='ocrx_word' id='word_1_23' title='bbox 716 1097 879 1172; x_wconf 83' lang='lat' dir='ltr'>evangelii:</span> <span class='ocrx_word' id='word_1_24' title='bbox 904 1099 941 1154; x_wconf 86' lang='lat' dir='ltr'>Et</span> <span class='ocrx_word' id='word_1_25' title='bbox 957 1100 1144 1173; x_wconf 88' lang='lat' dir='ltr'>respondens</span> <span class='ocrx_word' id='word_1_26' title='bbox 1159 1099 1244 1155; x_wconf 83' lang='lat' dir='ltr'>lesus</span> <span class='ocrx_word' id='word_1_27' title='bbox 1261 1096 1340 1155; x_wconf 84' lang='lat' dir='ltr'>dixit</span> 
     </span>
     <span class='ocr_line' id='line_1_6' title="bbox 348 1183 1367 1262; baseline 0.003 -22"><span class='ocrx_word' id='word_1_28' title='bbox 348 1183 422 1242; x_wconf 88' lang='lat' dir='ltr'>illis:</span> <span class='ocrx_word' id='word_1_29' title='bbox 445 1185 543 1242; x_wconf 86' lang='lat' dir='ltr'>Videte</span> <span class='ocrx_word' id='word_1_30' title='bbox 566 1185 686 1262; x_wconf 80' lang='lat' dir='ltr'>nequis</span> <span class='ocrx_word' id='word_1_31' title='bbox 709 1203 760 1242; x_wconf 80' lang='lat' dir='ltr'>vos</span> <span class='ocrx_word' id='word_1_32' title='bbox 783 1187 911 1242; x_wconf 86' lang='lat' dir='ltr'>seducat.</span> <span class='ocrx_word' id='word_1_33' title='bbox 936 1185 1027 1242; x_wconf 86' lang='lat' dir='ltr'>Multi</span> <span class='ocrx_word' id='word_1_34' title='bbox 1049 1184 1161 1242; x_wconf 81' lang='lat' dir='ltr'>uenient</span> <span class='ocrx_word' id='word_1_35' title='bbox 1176 1184 1204 1240; x_wconf 86' lang='lat' dir='ltr'>iu</span> <span class='ocrx_word' id='word_1_36' title='bbox 1220 1184 1367 1243; x_wconf 85' lang='lat' dir='ltr'>nomine5</span> 
     </span>
     <span class='ocr_line' id='line_1_7' title="bbox 347 1272 1340 1351; baseline 0.003 -24"><span class='ocrx_word' id='word_1_37' title='bbox 347 1290 419 1345; x_wconf 89' lang='lat' dir='ltr'>meo,</span> <span class='ocrx_word' id='word_1_38' title='bbox 455 1272 596 1330; x_wconf 85' lang='lat' dir='ltr'>dicentes:</span> <span class='ocrx_word' id='word_1_39' title='bbox 630 1273 699 1351; x_wconf 81' lang='lat' dir='ltr'>Ego</span> <span class='ocrx_word' id='word_1_40' title='bbox 726 1291 789 1329; x_wconf 89' lang='lat' dir='ltr'>sum</span> <span class='ocrx_word' id='word_1_41' title='bbox 822 1272 958 1329; x_wconf 85' lang='lat' dir='ltr'>Christus</span> <span class='ocrx_word' id='word_1_42' title='bbox 988 1283 1016 1329; x_wconf 87' lang='lat' dir='ltr'>et</span> <span class='ocrx_word' id='word_1_43' title='bbox 1047 1273 1154 1329; x_wconf 88' lang='lat' dir='ltr'>multos</span> <span class='ocrx_word' id='word_1_44' title='bbox 1184 1272 1340 1330; x_wconf 84' lang='lat' dir='ltr'>seducent.-</span> 
     </span>
     <span class='ocr_line' id='line_1_8' title="bbox 347 1358 1338 1437; baseline -0.001 -20"><span class='ocrx_word' id='word_1_45' title='bbox 347 1360 443 1434; x_wconf 87' lang='lat' dir='ltr'>Super</span> <span class='ocrx_word' id='word_1_46' title='bbox 460 1379 520 1434; x_wconf 93' lang='lat' dir='ltr'>quo</span> <span class='ocrx_word' id='word_1_47' title='bbox 535 1358 721 1417; x_wconf 77' lang='lat' dir='ltr'>ieronimus:</span> <span class='ocrx_word' id='word_1_48' title='bbox 750 1361 882 1428; x_wconf 87' lang='lat' dir='ltr'>Quorum</span> <span class='ocrx_word' id='word_1_49' title='bbox 906 1376 979 1416; x_wconf 89' lang='lat' dir='ltr'>unus</span> <span class='ocrx_word' id='word_1_50' title='bbox 1001 1369 1043 1416; x_wconf 86' lang='lat' dir='ltr'>est</span> <span class='ocrx_word' id='word_1_51' title='bbox 1067 1361 1180 1437; x_wconf 77' lang='lat' dir='ltr'>Symou</span> <span class='ocrx_word' id='word_1_52' title='bbox 1201 1359 1338 1416; x_wconf 84' lang='lat' dir='ltr'>Samari·</span> 
     </span>
     <span class='ocr_line' id='line_1_9' title="bbox 345 1446 1336 1526; baseline 0.002 -24"><span class='ocrx_word' id='word_1_53' title='bbox 345 1457 439 1513; x_wconf 85' lang='lat' dir='ltr'>tanus,</span> <span class='ocrx_word' id='word_1_54' title='bbox 459 1466 542 1523; x_wconf 82' lang='lat' dir='ltr'>quem</span> <span class='ocrx_word' id='word_1_55' title='bbox 554 1447 581 1503; x_wconf 89' lang='lat' dir='ltr'>iu</span> <span class='ocrx_word' id='word_1_56' title='bbox 595 1447 705 1504; x_wconf 83' lang='lat' dir='ltr'>actibus</span> <span class='ocrx_word' id='word_1_57' title='bbox 719 1447 916 1524; x_wconf 84' lang='lat' dir='ltr'>apostolorum</span> <span class='ocrx_word' id='word_1_58' title='bbox 933 1446 1068 1525; x_wconf 80' lang='lat' dir='ltr'>legimus,</span> <span class='ocrx_word' id='word_1_59' title='bbox 1084 1446 1134 1523; x_wconf 86' lang='lat' dir='ltr'>qui</span> <span class='ocrx_word' id='word_1_60' title='bbox 1147 1464 1179 1503; x_wconf 87' lang='lat' dir='ltr'>se</span> <span class='ocrx_word' id='word_1_61' title='bbox 1193 1464 1336 1526; x_wconf 80' lang='lat' dir='ltr'>magnam</span> 
     </span>
     <span class='ocr_line' id='line_1_10' title="bbox 345 1531 1336 1611; baseline -0.001 -20"><span class='ocrx_word' id='word_1_62' title='bbox 345 1531 405 1591; x_wconf 87' lang='lat' dir='ltr'>Dei</span> <span class='ocrx_word' id='word_1_63' title='bbox 432 1534 543 1591; x_wconf 81' lang='lat' dir='ltr'>dicebat</span> <span class='ocrx_word' id='word_1_64' title='bbox 575 1553 635 1591; x_wconf 87' lang='lat' dir='ltr'>esse</span> <span class='ocrx_word' id='word_1_65' title='bbox 669 1534 814 1593; x_wconf 86' lang='lat' dir='ltr'>virtutem.</span> <span class='ocrx_word' id='word_1_66' title='bbox 849 1533 907 1590; x_wconf 89' lang='lat' dir='ltr'>Hic</span> <span class='ocrx_word' id='word_1_67' title='bbox 938 1552 1049 1611; x_wconf 80' lang='lat' dir='ltr'>quoque</span> <span class='ocrx_word' id='word_1_68' title='bbox 1077 1534 1154 1590; x_wconf 85' lang='lat' dir='ltr'>inter</span> <span class='ocrx_word' id='word_1_69' title='bbox 1181 1543 1279 1592; x_wconf 84' lang='lat' dir='ltr'>cetera</span> <span class='ocrx_word' id='word_1_70' title='bbox 1305 1534 1336 1590; x_wconf 89' lang='lat' dir='ltr'>in</span> 
     </span>
     <span class='ocr_line' id='line_1_11' title="bbox 346 1621 1382 1699; baseline 0.001 -22"><span class='ocrx_word' id='word_1_71' title='bbox 346 1621 406 1678; x_wconf 90' lang='lat' dir='ltr'>suis</span> <span class='ocrx_word' id='word_1_72' title='bbox 430 1622 621 1678; x_wconf 83' lang='lat' dir='ltr'>voluminibus</span> <span class='ocrx_word' id='word_1_73' title='bbox 643 1622 750 1697; x_wconf 84' lang='lat' dir='ltr'>scripta</span> <span class='ocrx_word' id='word_1_74' title='bbox 775 1622 939 1678; x_wconf 85' lang='lat' dir='ltr'>dimittens:</span> <span class='ocrx_word' id='word_1_75' title='bbox 966 1621 1035 1699; x_wconf 85' lang='lat' dir='ltr'>Ego</span> <span class='ocrx_word' id='word_1_76' title='bbox 1057 1640 1122 1678; x_wconf 90' lang='lat' dir='ltr'>sum</span> <span class='ocrx_word' id='word_1_77' title='bbox 1145 1638 1242 1678; x_wconf 86' lang='lat' dir='ltr'>sermo</span> <span class='ocrx_word' id='word_1_78' title='bbox 1268 1621 1335 1693; x_wconf 87' lang='lat' dir='ltr'>Dei,</span> <span class='ocrx_word' id='word_1_79' title='bbox 1350 1643 1382 1678; x_wconf 89' lang='lat' dir='ltr'>ro</span> 
     </span>
     <span class='ocr_line' id='line_1_12' title="bbox 345 1708 1336 1787; baseline 0.003 -24"><span class='ocrx_word' id='word_1_80' title='bbox 345 1726 401 1786; x_wconf 78' lang='lat' dir='ltr'>ego</span> <span class='ocrx_word' id='word_1_81' title='bbox 424 1727 487 1765; x_wconf 90' lang='lat' dir='ltr'>sum</span> <span class='ocrx_word' id='word_1_82' title='bbox 511 1709 665 1785; x_wconf 86' lang='lat' dir='ltr'>speciosus,</span> <span class='ocrx_word' id='word_1_83' title='bbox 694 1727 750 1786; x_wconf 81' lang='lat' dir='ltr'>ego</span> <span class='ocrx_word' id='word_1_84' title='bbox 779 1728 843 1765; x_wconf 88' lang='lat' dir='ltr'>sum</span> <span class='ocrx_word' id='word_1_85' title='bbox 863 1709 1037 1785; x_wconf 78' lang='lat' dir='ltr'>paraclitus,</span> <span class='ocrx_word' id='word_1_86' title='bbox 1064 1727 1121 1787; x_wconf 81' lang='lat' dir='ltr'>ego</span> <span class='ocrx_word' id='word_1_87' title='bbox 1143 1708 1336 1784; x_wconf 81' lang='lat' dir='ltr'>omnipotens,</span> 
     </span>
     <span class='ocr_line' id='line_1_13' title="bbox 346 1795 1335 1873; baseline 0.001 -22"><span class='ocrx_word' id='word_1_88' title='bbox 346 1814 401 1873; x_wconf 83' lang='lat' dir='ltr'>ego</span> <span class='ocrx_word' id='word_1_89' title='bbox 425 1796 521 1852; x_wconf 86' lang='lat' dir='ltr'>omnia</span> <span class='ocrx_word' id='word_1_90' title='bbox 538 1796 596 1852; x_wconf 86' lang='lat' dir='ltr'>Dei</span> <span class='ocrx_word' id='word_1_91' title='bbox 600 1816 610 1864; x_wconf 90' lang='lat'><em>;</em></span> <span class='ocrx_word' id='word_1_92' title='bbox 631 1796 684 1852; x_wconf 84' lang='lat' dir='ltr'>sed</span> <span class='ocrx_word' id='word_1_93' title='bbox 706 1805 733 1851; x_wconf 90' lang='lat' dir='ltr'>et</span> <span class='ocrx_word' id='word_1_94' title='bbox 747 1796 894 1853; x_wconf 79' lang='lat' dir='ltr'>lohannes</span> <span class='ocrx_word' id='word_1_95' title='bbox 916 1795 1063 1871; x_wconf 84' lang='lat' dir='ltr'>apostolus</span> <span class='ocrx_word' id='word_1_96' title='bbox 1085 1796 1114 1851; x_wconf 88' lang='lat' dir='ltr'>in</span> <span class='ocrx_word' id='word_1_97' title='bbox 1138 1795 1258 1872; x_wconf 83' lang='lat' dir='ltr'>epistola</span> <span class='ocrx_word' id='word_1_98' title='bbox 1280 1814 1335 1853; x_wconf 83' lang='lat' dir='ltr'>sua</span> 
     </span>
     <span class='ocr_line' id='line_1_14' title="bbox 346 1882 1334 1958; baseline 0.001 -20"><span class='ocrx_word' id='word_1_99' title='bbox 346 1882 489 1958; x_wconf 84' lang='lat' dir='ltr'>loquitur:</span> <span class='ocrx_word' id='word_1_100' title='bbox 521 1883 651 1939; x_wconf 83' lang='lat' dir='ltr'>Audistis</span> <span class='ocrx_word' id='word_1_101' title='bbox 683 1883 747 1957; x_wconf 84' lang='lat' dir='ltr'>quia</span> <span class='ocrx_word' id='word_1_102' title='bbox 772 1883 968 1939; x_wconf 79' lang='lat' dir='ltr'>Antichristus</span> <span class='ocrx_word' id='word_1_103' title='bbox 1000 1893 1139 1939; x_wconf 77' lang='lat' dir='ltr'>uenturus</span> <span class='ocrx_word' id='word_1_104' title='bbox 1170 1893 1229 1953; x_wconf 89' lang='lat' dir='ltr'>est,·</span> <span class='ocrx_word' id='word_1_105' title='bbox 1259 1901 1334 1940; x_wconf 89' lang='lat' dir='ltr'>nunc</span> 
     </span>
     <span class='ocr_line' id='line_1_15' title="bbox 345 1969 1334 2049; baseline 0.001 -25"><span class='ocrx_word' id='word_1_106' title='bbox 345 1980 440 2025; x_wconf 76' lang='lat' dir='ltr'>aretem</span> <span class='ocrx_word' id='word_1_107' title='bbox 457 1970 630 2026; x_wconf 86' lang='lat' dir='ltr'>Antichristi</span> <span class='ocrx_word' id='word_1_108' title='bbox 644 1970 819 2027; x_wconf 88' lang='lat' dir='ltr'>multisunt.</span> <span class='ocrx_word' id='word_1_109' title='bbox 844 1969 913 2049; x_wconf 78' lang='lat' dir='ltr'>Ego</span> <span class='ocrx_word' id='word_1_110' title='bbox 930 1988 999 2026; x_wconf 86' lang='lat' dir='ltr'>reor</span> <span class='ocrx_word' id='word_1_111' title='bbox 1014 1988 1113 2027; x_wconf 86' lang='lat' dir='ltr'>omnes</span> <span class='ocrx_word' id='word_1_112' title='bbox 1128 1970 1334 2027; x_wconf 83' lang='lat' dir='ltr'>heresiarchas</span> 
     </span>
     <span class='ocr_line' id='line_1_16' title="bbox 345 2055 1377 2133; baseline 0 -19"><span class='ocrx_word' id='word_1_113' title='bbox 345 2055 541 2114; x_wconf 82' lang='lat' dir='ltr'>Antichristos</span> <span class='ocrx_word' id='word_1_114' title='bbox 572 2075 635 2113; x_wconf 87' lang='lat' dir='ltr'>esse</span> <span class='ocrx_word' id='word_1_115' title='bbox 665 2068 692 2112; x_wconf 86' lang='lat' dir='ltr'>et</span> <span class='ocrx_word' id='word_1_116' title='bbox 718 2058 771 2113; x_wconf 85' lang='lat' dir='ltr'>suh</span> <span class='ocrx_word' id='word_1_117' title='bbox 803 2058 917 2113; x_wconf 86' lang='lat' dir='ltr'>nornine</span> <span class='ocrx_word' id='word_1_118' title='bbox 943 2055 1056 2114; x_wconf 84' lang='lat' dir='ltr'>Christi</span> <span class='ocrx_word' id='word_1_119' title='bbox 1081 2075 1114 2112; x_wconf 85' lang='lat' dir='ltr'>ea</span> <span class='ocrx_word' id='word_1_120' title='bbox 1144 2057 1250 2114; x_wconf 82' lang='lat' dir='ltr'>docere</span> <span class='ocrx_word' id='word_1_121' title='bbox 1280 2062 1377 2133; x_wconf 71' lang='lat' dir='ltr'>queri</span> 
     </span>
     <span class='ocr_line' id='line_1_17' title="bbox 344 2143 1334 2220; baseline 0.001 -20"><span class='ocrx_word' id='word_1_122' title='bbox 344 2144 495 2200; x_wconf 84' lang='lat' dir='ltr'>contraria</span> <span class='ocrx_word' id='word_1_123' title='bbox 523 2155 590 2200; x_wconf 89' lang='lat' dir='ltr'>sunt</span> <span class='ocrx_word' id='word_1_124' title='bbox 616 2143 743 2203; x_wconf 86' lang='lat' dir='ltr'>Christo.</span> <span class='ocrx_word' id='word_1_125' title='bbox 778 2143 839 2200; x_wconf 91' lang='lat' dir='ltr'>Nec</span> <span class='ocrx_word' id='word_1_126' title='bbox 871 2144 977 2200; x_wconf 87' lang='lat' dir='ltr'>mirum</span> <span class='ocrx_word' id='word_1_127' title='bbox 1010 2143 1037 2201; x_wconf 93' lang='lat' dir='ltr'>si</span> <span class='ocrx_word' id='word_1_128' title='bbox 1067 2143 1179 2220; x_wconf 82' lang='lat' dir='ltr'>aliquos</span> <span class='ocrx_word' id='word_1_129' title='bbox 1210 2144 1246 2201; x_wconf 83' lang='lat' dir='ltr'>ab</span> <span class='ocrx_word' id='word_1_130' title='bbox 1279 2144 1334 2201; x_wconf 88' lang='lat' dir='ltr'>hiis</span> 
     </span>
     <span class='ocr_line' id='line_1_18' title="bbox 346 2230 1333 2302; baseline 0.003 -17"><span class='ocrx_word' id='word_1_131' title='bbox 346 2230 494 2288; x_wconf 77' lang='lat' dir='ltr'>videamus</span> <span class='ocrx_word' id='word_1_132' title='bbox 516 2231 623 2302; x_wconf 82' lang='lat' dir='ltr'>seduci,</span> <span class='ocrx_word' id='word_1_133' title='bbox 647 2249 711 2288; x_wconf 87' lang='lat' dir='ltr'>curn</span> <span class='ocrx_word' id='word_1_134' title='bbox 732 2231 876 2288; x_wconf 81' lang='lat' dir='ltr'>Dominus</span> <span class='ocrx_word' id='word_1_135' title='bbox 899 2231 989 2287; x_wconf 82' lang='lat' dir='ltr'>dixit:</span> <span class='ocrx_word' id='word_1_136' title='bbox 1011 2231 1051 2288; x_wconf 83' lang='lat' dir='ltr'>Et</span> <span class='ocrx_word' id='word_1_137' title='bbox 1067 2232 1174 2288; x_wconf 83' lang='lat' dir='ltr'>multos</span> <span class='ocrx_word' id='word_1_138' title='bbox 1187 2232 1333 2290; x_wconf 83' lang='lat' dir='ltr'>seducent.</span> 
     </span>
     <span class='ocr_line' id='line_1_19' title="bbox 345 2319 618 2394; baseline 0.004 -20"><span class='ocrx_word' id='word_1_139' title='bbox 345 2319 408 2375; x_wconf 86' lang='lat' dir='ltr'>Hec</span> <span class='ocrx_word' id='word_1_140' title='bbox 430 2321 618 2394; x_wconf 69' lang='lat' dir='ltr'>leronymus.</span> 
     </span>
    </p>
   </div>
   <div class='ocr_carea' id='block_1_5' title="bbox 135 2402 1333 2519">
    <p class='ocr_par' dir='ltr' id='par_1_5' title="bbox 135 2402 1333 2519">
     <span class='ocr_line' id='line_1_20' title="bbox 135 2402 1333 2519; baseline -0.003 -54"><span class='ocrx_word' id='word_1_141' title='bbox 135 2415 325 2519; x_wconf 64' lang='lat' dir='ltr'>cmiiiig⁰iisc</span> <span class='ocrx_word' id='word_1_142' title='bbox 387 2403 516 2463; x_wconf 88' lang='lat' dir='ltr'>Videtur</span> <span class='ocrx_word' id='word_1_143' title='bbox 538 2407 628 2463; x_wconf 92' lang='lat' dir='ltr'>istum</span> <span class='ocrx_word' id='word_1_144' title='bbox 653 2417 793 2463; x_wconf 86' lang='lat' dir='ltr'>sanctum</span> <span class='ocrx_word' id='word_1_145' title='bbox 817 2403 868 2480; x_wconf 93' lang='lat' dir='ltr'>qui</span> <span class='ocrx_word' id='word_1_146' title='bbox 894 2406 1005 2462; x_wconf 85' lang='lat' dir='ltr'>multas</span> <span class='ocrx_word' id='word_1_147' title='bbox 1029 2403 1171 2479; x_wconf 85' lang='lat' dir='ltr'>cognovit</span> <span class='ocrx_word' id='word_1_148' title='bbox 1194 2402 1333 2463; x_wconf 82' lang='lat' dir='ltr'>cronicas</span> 
     </span>
    </p>
   </div>
   <div class='ocr_carea' id='block_1_6' title="bbox 36 2490 1377 2568">
    <p class='ocr_par' dir='ltr' id='par_1_6' title="bbox 36 2490 1377 2568">
     <span class='ocr_line' id='line_1_21' title="bbox 36 2490 1377 2568; baseline 0 -22"><span class='ocrx_word' id='word_1_149' title='bbox 36 2516 42 2529; x_wconf 94' lang='lat'><strong>·</strong></span> <span class='ocrx_word' id='word_1_150' title='bbox 141 2517 319 2561; x_wconf 44' lang='lat' dir='ltr'>emmane„</span> <span class='ocrx_word' id='word_1_151' title='bbox 345 2506 373 2549; x_wconf 91' lang='lat' dir='ltr'>et</span> <span class='ocrx_word' id='word_1_152' title='bbox 406 2493 578 2566; x_wconf 87' lang='lat' dir='ltr'>specialiter</span> <span class='ocrx_word' id='word_1_153' title='bbox 609 2492 827 2567; x_wconf 89' lang='lat' dir='ltr'>scripturarum</span> <span class='ocrx_word' id='word_1_154' title='bbox 867 2491 985 2566; x_wconf 88' lang='lat' dir='ltr'>opinari</span> <span class='ocrx_word' id='word_1_155' title='bbox 1019 2490 1217 2568; x_wconf 87' lang='lat' dir='ltr'>probabiliter</span> <span class='ocrx_word' id='word_1_156' title='bbox 1249 2494 1332 2568; x_wconf 90' lang='lat' dir='ltr'>quod</span> <span class='ocrx_word' id='word_1_157' title='bbox 1344 2511 1377 2547; x_wconf 83' lang='lat' dir='ltr'>ao</span> 
     </span>
    </p>
   </div>
   <div class='ocr_carea' id='block_1_7' title="bbox 125 2569 1377 3875">
    <p class='ocr_par' dir='ltr' id='par_1_7' title="bbox 141 2569 1332 2917">
     <span class='ocr_line' id='line_1_22' title="bbox 141 2569 1332 2654; baseline 0 -17"><span class='ocrx_word' id='word_1_158' title='bbox 141 2569 314 2614; x_wconf 73' lang='lat' dir='ltr'>isanttctutsr.</span> <span class='ocrx_word' id='word_1_159' title='bbox 345 2582 526 2654; x_wconf 90' lang='lat' dir='ltr'>pretendens</span> <span class='ocrx_word' id='word_1_160' title='bbox 564 2598 594 2637; x_wconf 93' lang='lat' dir='ltr'>se</span> <span class='ocrx_word' id='word_1_161' title='bbox 632 2597 696 2637; x_wconf 91' lang='lat' dir='ltr'>esse</span> <span class='ocrx_word' id='word_1_162' title='bbox 730 2579 842 2637; x_wconf 89' lang='lat' dir='ltr'>Christi</span> <span class='ocrx_word' id='word_1_163' title='bbox 879 2578 1038 2650; x_wconf 87' lang='lat' dir='ltr'>vicarium,</span> <span class='ocrx_word' id='word_1_164' title='bbox 1077 2576 1248 2637; x_wconf 88' lang='lat' dir='ltr'>cuiusmodi</span> <span class='ocrx_word' id='word_1_165' title='bbox 1287 2592 1332 2637; x_wconf 89' lang='lat' dir='ltr'>est</span> 
     </span>
     <span class='ocr_line' id='line_1_23' title="bbox 345 2665 1332 2742; baseline 0.001 -18"><span class='ocrx_word' id='word_1_166' title='bbox 345 2686 433 2742; x_wconf 89' lang='lat' dir='ltr'>papa,</span> <span class='ocrx_word' id='word_1_167' title='bbox 469 2667 526 2725; x_wconf 86' lang='lat' dir='ltr'>erit</span> <span class='ocrx_word' id='word_1_168' title='bbox 561 2667 732 2725; x_wconf 79' lang='lat' dir='ltr'>evidentius</span> <span class='ocrx_word' id='word_1_169' title='bbox 760 2665 964 2724; x_wconf 83' lang='lat' dir='ltr'>Antichristus</span> <span class='ocrx_word' id='word_1_170' title='bbox 996 2680 1025 2724; x_wconf 90' lang='lat' dir='ltr'>et</span> <span class='ocrx_word' id='word_1_171' title='bbox 1056 2668 1199 2724; x_wconf 89' lang='lat' dir='ltr'>seductor</span> <span class='ocrx_word' id='word_1_172' title='bbox 1225 2666 1332 2742; x_wconf 89' lang='lat' dir='ltr'>populi</span> 
     </span>
     <span class='ocr_line' id='line_1_24' title="bbox 344 2752 1331 2831; baseline 0 -20"><span class='ocrx_word' id='word_1_173' title='bbox 344 2754 517 2831; x_wconf 83' lang='lat' dir='ltr'>christiani3</span> <span class='ocrx_word' id='word_1_174' title='bbox 550 2753 636 2812; x_wconf 88' lang='lat' dir='ltr'>cuius</span> <span class='ocrx_word' id='word_1_175' title='bbox 665 2752 819 2811; x_wconf 86' lang='lat' dir='ltr'>evidencia</span> <span class='ocrx_word' id='word_1_176' title='bbox 848 2767 892 2811; x_wconf 93' lang='lat' dir='ltr'>est</span> <span class='ocrx_word' id='word_1_177' title='bbox 915 2756 998 2828; x_wconf 92' lang='lat' dir='ltr'>quod</span> <span class='ocrx_word' id='word_1_178' title='bbox 1027 2753 1091 2828; x_wconf 89' lang='lat' dir='ltr'>ipse</span> <span class='ocrx_word' id='word_1_179' title='bbox 1115 2752 1146 2811; x_wconf 93' lang='lat' dir='ltr'>in</span> <span class='ocrx_word' id='word_1_180' title='bbox 1169 2752 1331 2811; x_wconf 88' lang='lat' dir='ltr'>duodecim</span> 
     </span>
     <span class='ocr_line' id='line_1_25' title="bbox 344 2839 1332 2917; baseline 0 -19"><span class='ocrx_word' id='word_1_181' title='bbox 344 2841 436 2915; x_wconf 89' lang='lat' dir='ltr'>signis</span> <span class='ocrx_word' id='word_1_182' title='bbox 459 2856 503 2899; x_wconf 92' lang='lat' dir='ltr'>est</span> <span class='ocrx_word' id='word_1_183' title='bbox 528 2841 625 2916; x_wconf 85' lang='lat' dir='ltr'>magis</span> <span class='ocrx_word' id='word_1_184' title='bbox 650 2841 770 2898; x_wconf 91' lang='lat' dir='ltr'>Christo</span> <span class='ocrx_word' id='word_1_185' title='bbox 794 2841 974 2899; x_wconf 86' lang='lat' dir='ltr'>contrarius.</span> <span class='ocrx_word' id='word_1_186' title='bbox 1008 2843 1045 2899; x_wconf 91' lang='lat' dir='ltr'>Et</span> <span class='ocrx_word' id='word_1_187' title='bbox 1072 2839 1233 2898; x_wconf 90' lang='lat' dir='ltr'>falsitatem</span> <span class='ocrx_word' id='word_1_188' title='bbox 1258 2860 1332 2917; x_wconf 90' lang='lat' dir='ltr'>ypo-</span> 
     </span>
    </p>

    <p class='ocr_par' dir='ltr' id='par_1_8' title="bbox 344 2927 1375 3352">
     <span class='ocr_line' id='line_1_26' title="bbox 344 2927 1375 3004; baseline -0.002 -18"><span class='ocrx_word' id='word_1_189' title='bbox 344 2928 430 2986; x_wconf 91' lang='lat' dir='ltr'>crisis</span> <span class='ocrx_word' id='word_1_190' title='bbox 454 2928 557 2986; x_wconf 89' lang='lat' dir='ltr'>dicunt</span> <span class='ocrx_word' id='word_1_191' title='bbox 581 2928 684 2986; x_wconf 85' lang='lat' dir='ltr'>fideles</span> <span class='ocrx_word' id='word_1_192' title='bbox 709 2946 772 2985; x_wconf 90' lang='lat' dir='ltr'>esse</span> <span class='ocrx_word' id='word_1_193' title='bbox 797 2928 928 2985; x_wconf 91' lang='lat' dir='ltr'>medium</span> <span class='ocrx_word' id='word_1_194' title='bbox 955 2927 1147 3004; x_wconf 90' lang='lat' dir='ltr'>potissimum</span> <span class='ocrx_word' id='word_1_195' title='bbox 1172 2946 1226 3002; x_wconf 91' lang='lat' dir='ltr'>per</span> <span class='ocrx_word' id='word_1_196' title='bbox 1248 2929 1332 3003; x_wconf 94' lang='lat' dir='ltr'>quod</span> <span class='ocrx_word' id='word_1_197' title='bbox 1343 2932 1375 2983; x_wconf 81' lang='lat'>25</span> 
     </span>
     <span class='ocr_line' id='line_1_27' title="bbox 344 3015 1329 3089; baseline 0.001 -18"><span class='ocrx_word' id='word_1_198' title='bbox 344 3015 482 3072; x_wconf 85' lang='lat' dir='ltr'>diabolus</span> <span class='ocrx_word' id='word_1_199' title='bbox 506 3018 628 3073; x_wconf 89' lang='lat' dir='ltr'>seducet</span> <span class='ocrx_word' id='word_1_200' title='bbox 652 3015 811 3073; x_wconf 90' lang='lat' dir='ltr'>ecclesiam</span> <span class='ocrx_word' id='word_1_201' title='bbox 838 3016 1033 3086; x_wconf 81' lang='lat' dir='ltr'>militantem3</span> <span class='ocrx_word' id='word_1_202' title='bbox 1058 3015 1205 3089; x_wconf 88' lang='lat' dir='ltr'>dyabolus</span> <span class='ocrx_word' id='word_1_203' title='bbox 1228 3028 1329 3072; x_wconf 88' lang='lat' dir='ltr'>autern</span> 
     </span>
     <span class='ocr_line' id='line_1_28' title="bbox 344 3101 1331 3178; baseline -0.001 -19"><span class='ocrx_word' id='word_1_204' title='bbox 344 3104 434 3160; x_wconf 89' lang='lat' dir='ltr'>habet</span> <span class='ocrx_word' id='word_1_205' title='bbox 467 3102 497 3159; x_wconf 91' lang='lat' dir='ltr'>in</span> <span class='ocrx_word' id='word_1_206' title='bbox 531 3121 610 3178; x_wconf 87' lang='lat' dir='ltr'>papa</span> <span class='ocrx_word' id='word_1_207' title='bbox 639 3103 768 3178; x_wconf 78' lang='lat' dir='ltr'>fingente</span> <span class='ocrx_word' id='word_1_208' title='bbox 798 3120 828 3159; x_wconf 93' lang='lat' dir='ltr'>se</span> <span class='ocrx_word' id='word_1_209' title='bbox 857 3102 968 3161; x_wconf 89' lang='lat' dir='ltr'>Christi</span> <span class='ocrx_word' id='word_1_210' title='bbox 996 3102 1144 3160; x_wconf 84' lang='lat' dir='ltr'>vicarium</span> <span class='ocrx_word' id='word_1_211' title='bbox 1173 3101 1331 3178; x_wconf 89' lang='lat' dir='ltr'>oportuni-</span> 
     </span>
     <span class='ocr_line' id='line_1_29' title="bbox 344 3187 1330 3264; baseline 0.001 -18"><span class='ocrx_word' id='word_1_212' title='bbox 344 3203 437 3246; x_wconf 89' lang='lat' dir='ltr'>tatem</span> <span class='ocrx_word' id='word_1_213' title='bbox 463 3189 608 3247; x_wconf 87' lang='lat' dir='ltr'>maiorem</span> <span class='ocrx_word' id='word_1_214' title='bbox 634 3192 671 3247; x_wconf 85' lang='lat' dir='ltr'>ad</span> <span class='ocrx_word' id='word_1_215' title='bbox 695 3191 900 3247; x_wconf 89' lang='lat' dir='ltr'>seducendum</span> <span class='ocrx_word' id='word_1_216' title='bbox 927 3189 1083 3248; x_wconf 90' lang='lat' dir='ltr'>ecclesiam</span> <span class='ocrx_word' id='word_1_217' title='bbox 1106 3207 1198 3264; x_wconf 87' lang='lat' dir='ltr'>quam</span> <span class='ocrx_word' id='word_1_218' title='bbox 1222 3187 1253 3246; x_wconf 89' lang='lat' dir='ltr'>in</span> <span class='ocrx_word' id='word_1_219' title='bbox 1269 3189 1330 3247; x_wconf 90' lang='lat' dir='ltr'>alio</span> 
     </span>
     <span class='ocr_line' id='line_1_30' title="bbox 345 3276 1331 3352; baseline 0.001 -20"><span class='ocrx_word' id='word_1_220' title='bbox 345 3276 503 3336; x_wconf 87' lang='lat' dir='ltr'>militante.</span> <span class='ocrx_word' id='word_1_221' title='bbox 528 3279 598 3333; x_wconf 90' lang='lat' dir='ltr'>ldeo</span> <span class='ocrx_word' id='word_1_222' title='bbox 622 3276 745 3352; x_wconf 88' lang='lat' dir='ltr'>quidam</span> <span class='ocrx_word' id='word_1_223' title='bbox 771 3277 970 3351; x_wconf 88' lang='lat' dir='ltr'>probabiliter</span> <span class='ocrx_word' id='word_1_224' title='bbox 994 3289 1136 3352; x_wconf 88' lang='lat' dir='ltr'>reputant</span> <span class='ocrx_word' id='word_1_225' title='bbox 1150 3276 1235 3351; x_wconf 90' lang='lat' dir='ltr'>quod</span> <span class='ocrx_word' id='word_1_226' title='bbox 1250 3295 1331 3352; x_wconf 83' lang='lat' dir='ltr'>papa</span> 
     </span>
    </p>

    <p class='ocr_par' dir='ltr' id='par_1_9' title="bbox 125 3362 1377 3790">
     <span class='ocr_line' id='line_1_31' title="bbox 344 3362 1377 3439; baseline 0 -19"><span class='ocrx_word' id='word_1_227' title='bbox 344 3362 382 3420; x_wconf 91' lang='lat' dir='ltr'>sit</span> <span class='ocrx_word' id='word_1_228' title='bbox 414 3363 464 3421; x_wconf 93' lang='lat' dir='ltr'>ille</span> <span class='ocrx_word' id='word_1_229' title='bbox 487 3363 690 3421; x_wconf 85' lang='lat' dir='ltr'>Antichristus</span> <span class='ocrx_word' id='word_1_230' title='bbox 719 3364 771 3439; x_wconf 90' lang='lat' dir='ltr'>qui</span> <span class='ocrx_word' id='word_1_231' title='bbox 807 3363 855 3422; x_wconf 93' lang='lat' dir='ltr'>hic</span> <span class='ocrx_word' id='word_1_232' title='bbox 888 3378 916 3421; x_wconf 89' lang='lat' dir='ltr'>et</span> <span class='ocrx_word' id='word_1_233' title='bbox 944 3363 1017 3421; x_wconf 90' lang='lat' dir='ltr'>alibi</span> <span class='ocrx_word' id='word_1_234' title='bbox 1044 3363 1076 3420; x_wconf 91' lang='lat' dir='ltr'>in</span> <span class='ocrx_word' id='word_1_235' title='bbox 1104 3362 1254 3438; x_wconf 87' lang='lat' dir='ltr'>scriptura</span> <span class='ocrx_word' id='word_1_236' title='bbox 1282 3370 1377 3421; x_wconf 84' lang='lat' dir='ltr'>er·3o</span> 
     </span>
     <span class='ocr_line' id='line_1_32' title="bbox 125 3450 1332 3533; baseline -0.008 -16"><span class='ocrx_word' id='word_1_237' title='bbox 125 3473 197 3517; x_wconf 75' lang='lat' dir='ltr'>Some</span> <span class='ocrx_word' id='word_1_238' title='bbox 213 3472 278 3533; x_wconf 71' lang='lat' dir='ltr'>ruint</span> <span class='ocrx_word' id='word_1_239' title='bbox 295 3473 333 3515; x_wconf 75' lang='lat' dir='ltr'>ure</span> <span class='ocrx_word' id='word_1_240' title='bbox 344 3450 500 3524; x_wconf 78' lang='lat' dir='ltr'>primitur3</span> <span class='ocrx_word' id='word_1_241' title='bbox 524 3470 592 3509; x_wconf 93' lang='lat' dir='ltr'>cum</span> <span class='ocrx_word' id='word_1_242' title='bbox 610 3451 647 3508; x_wconf 91' lang='lat' dir='ltr'>sit</span> <span class='ocrx_word' id='word_1_243' title='bbox 664 3451 803 3526; x_wconf 91' lang='lat' dir='ltr'>specialis</span> <span class='ocrx_word' id='word_1_244' title='bbox 819 3465 999 3525; x_wconf 92' lang='lat' dir='ltr'>procurator</span> <span class='ocrx_word' id='word_1_245' title='bbox 1015 3450 1145 3525; x_wconf 85' lang='lat' dir='ltr'>dyaboli,</span> <span class='ocrx_word' id='word_1_246' title='bbox 1163 3468 1332 3526; x_wconf 87' lang='lat' dir='ltr'>procurans</span> 
     </span>
     <span class='ocr_line' id='line_1_33' title="bbox 143 3525 1331 3620; baseline 0.001 -25"><span class='ocrx_word' id='word_1_247' title='bbox 143 3525 316 3620; x_wconf 48' lang='lat' dir='ltr'>Xssffisihgs</span> <span class='ocrx_word' id='word_1_248' title='bbox 343 3556 397 3613; x_wconf 89' lang='lat' dir='ltr'>per</span> <span class='ocrx_word' id='word_1_249' title='bbox 417 3538 576 3596; x_wconf 89' lang='lat' dir='ltr'>mendacia</span> <span class='ocrx_word' id='word_1_250' title='bbox 596 3538 803 3613; x_wconf 90' lang='lat' dir='ltr'>perdicionem</span> <span class='ocrx_word' id='word_1_251' title='bbox 823 3538 923 3595; x_wconf 87' lang='lat' dir='ltr'>anime</span> <span class='ocrx_word' id='word_1_252' title='bbox 947 3552 1053 3596; x_wconf 87' lang='lat' dir='ltr'>contra</span> <span class='ocrx_word' id='word_1_253' title='bbox 1069 3536 1235 3598; x_wconf 89' lang='lat' dir='ltr'>Christum.</span> <span class='ocrx_word' id='word_1_254' title='bbox 1259 3538 1331 3596; x_wconf 88' lang='lat' dir='ltr'>ldeo</span> 
     </span>
     <span class='ocr_line' id='line_1_34' title="bbox 165 3623 1331 3700; baseline -0.002 -18"><span class='ocrx_word' id='word_1_255' title='bbox 165 3628 292 3682; x_wconf 68' lang='lat' dir='ltr'>Scriptura</span> <span class='ocrx_word' id='word_1_256' title='bbox 342 3645 410 3682; x_wconf 92' lang='lat' dir='ltr'>cum</span> <span class='ocrx_word' id='word_1_257' title='bbox 445 3639 507 3683; x_wconf 88' lang='lat' dir='ltr'>tarn</span> <span class='ocrx_word' id='word_1_258' title='bbox 540 3626 572 3683; x_wconf 91' lang='lat' dir='ltr'>in</span> <span class='ocrx_word' id='word_1_259' title='bbox 603 3625 664 3683; x_wconf 90' lang='lat' dir='ltr'>vita</span> <span class='ocrx_word' id='word_1_260' title='bbox 693 3644 788 3700; x_wconf 78' lang='lat' dir='ltr'>quam</span> <span class='ocrx_word' id='word_1_261' title='bbox 817 3624 848 3682; x_wconf 92' lang='lat' dir='ltr'>in</span> <span class='ocrx_word' id='word_1_262' title='bbox 878 3625 1012 3682; x_wconf 92' lang='lat' dir='ltr'>moribus</span> <span class='ocrx_word' id='word_1_263' title='bbox 1040 3624 1077 3681; x_wconf 92' lang='lat' dir='ltr'>sit</span> <span class='ocrx_word' id='word_1_264' title='bbox 1101 3637 1184 3683; x_wconf 88' lang='lat' dir='ltr'>tante</span> <span class='ocrx_word' id='word_1_265' title='bbox 1207 3623 1331 3682; x_wconf 89' lang='lat' dir='ltr'>Christo</span> 
     </span>
     <span class='ocr_line' id='line_1_35' title="bbox 343 3711 1331 3790; baseline -0.001 -20"><span class='ocrx_word' id='word_1_266' title='bbox 343 3713 522 3790; x_wconf 85' lang='lat' dir='ltr'>contrarius,</span> <span class='ocrx_word' id='word_1_267' title='bbox 561 3712 719 3788; x_wconf 90' lang='lat' dir='ltr'>probabile</span> <span class='ocrx_word' id='word_1_268' title='bbox 756 3725 800 3769; x_wconf 89' lang='lat' dir='ltr'>est</span> <span class='ocrx_word' id='word_1_269' title='bbox 839 3714 921 3787; x_wconf 90' lang='lat' dir='ltr'>quod</span> <span class='ocrx_word' id='word_1_270' title='bbox 960 3712 990 3769; x_wconf 90' lang='lat' dir='ltr'>in</span> <span class='ocrx_word' id='word_1_271' title='bbox 1029 3711 1141 3786; x_wconf 90' lang='lat' dir='ltr'>triplici</span> <span class='ocrx_word' id='word_1_272' title='bbox 1179 3711 1331 3786; x_wconf 86' lang='lat' dir='ltr'>scripture</span> 
     </span>
    </p>

    <p class='ocr_par' dir='ltr' id='par_1_10' title="bbox 341 3798 1376 3875">
     <span class='ocr_line' id='line_1_36' title="bbox 341 3798 1376 3875; baseline -0.002 -18"><span class='ocrx_word' id='word_1_273' title='bbox 341 3801 440 3875; x_wconf 91' lang='lat' dir='ltr'>prime</span> <span class='ocrx_word' id='word_1_274' title='bbox 464 3800 590 3875; x_wconf 92' lang='lat' dir='ltr'>epistole</span> <span class='ocrx_word' id='word_1_275' title='bbox 612 3799 757 3858; x_wconf 80' lang='lat' dir='ltr'>iohannis</span> <span class='ocrx_word' id='word_1_276' title='bbox 785 3799 823 3856; x_wconf 91' lang='lat' dir='ltr'>sit</span> <span class='ocrx_word' id='word_1_277' title='bbox 852 3799 901 3857; x_wconf 92' lang='lat' dir='ltr'>ille</span> <span class='ocrx_word' id='word_1_278' title='bbox 924 3819 1014 3874; x_wconf 90' lang='lat' dir='ltr'>quem</span> <span class='ocrx_word' id='word_1_279' title='bbox 1046 3798 1176 3874; x_wconf 89' lang='lat' dir='ltr'>Spiritus</span> <span class='ocrx_word' id='word_1_280' title='bbox 1200 3801 1331 3858; x_wconf 85' lang='lat' dir='ltr'>Sanctus</span> <span class='ocrx_word' id='word_1_281' title='bbox 1342 3803 1376 3856; x_wconf 83' lang='lat'>35</span> 
     </span>
    </p>
   </div>
   <div class='ocr_carea' id='block_1_8' title="bbox 342 3887 732 3967">
    <p class='ocr_par' dir='ltr' id='par_1_11' title="bbox 342 3887 732 3967">
     <span class='ocr_line' id='line_1_37' title="bbox 342 3887 732 3967; baseline 0.01 -23"><span class='ocrx_word' id='word_1_282' title='bbox 342 3887 480 3967; x_wconf 85' lang='lat' dir='ltr'>nominat</span> <span class='ocrx_word' id='word_1_283' title='bbox 503 3887 732 3948; x_wconf 89' lang='lat' dir='ltr'>Antichristum.</span> 
     </span>
    </p>
   </div>
   <div class='ocr_carea' id='block_1_9' title="bbox 341 4044 1332 4209">
    <p class='ocr_par' dir='ltr' id='par_1_12' title="bbox 341 4044 1332 4209">
     <span class='ocr_line' id='line_1_38' title="bbox 393 4044 1332 4103; baseline -0.002 -14"><span class='ocrx_word' id='word_1_284' title='bbox 393 4047 572 4103; x_wconf 82' lang='lat' dir='ltr'>r.Codd.:per</span> <span class='ocrx_word' id='word_1_285' title='bbox 603 4058 664 4090; x_wconf 84' lang='lat' dir='ltr'>uam.</span> <span class='ocrx_word' id='word_1_286' title='bbox 731 4045 990 4102; x_wconf 60' lang='lat' dir='ltr'>3.Binmarg.:29.‚</span> <span class='ocrx_word' id='word_1_287' title='bbox 1047 4044 1332 4099; x_wconf 73' lang='lat' dir='ltr'>7.Ainmarg.=tero-</span> 
     </span>
     <span class='ocr_line' id='line_1_39' title="bbox 341 4096 1331 4156; baseline -0.005 -12"><span class='ocrx_word' id='word_1_288' title='bbox 341 4113 429 4156; x_wconf 83' lang='lat' dir='ltr'>nymus.</span> <span class='ocrx_word' id='word_1_289' title='bbox 497 4111 519 4154; x_wconf 82' lang='lat' dir='ltr'>p.</span> <span class='ocrx_word' id='word_1_290' title='bbox 536 4100 563 4142; x_wconf 88' lang='lat' dir='ltr'>B:</span> <span class='ocrx_word' id='word_1_291' title='bbox 604 4111 741 4155; x_wconf 76' lang='lat' dir='ltr'>ecquopue.</span> <span class='ocrx_word' id='word_1_292' title='bbox 797 4111 829 4155; x_wconf 89' lang='lat'>19.</span> <span class='ocrx_word' id='word_1_293' title='bbox 845 4099 903 4142; x_wconf 86' lang='lat' dir='ltr'>Ain</span> <span class='ocrx_word' id='word_1_294' title='bbox 919 4110 1006 4152; x_wconf 53' lang='lat' dir='ltr'>marga</span> <span class='ocrx_word' id='word_1_295' title='bbox 1027 4098 1156 4140; x_wconf 67' lang='lat' dir='ltr'>lohannes.</span> <span class='ocrx_word' id='word_1_296' title='bbox 1222 4096 1331 4140; x_wconf 66' lang='lat' dir='ltr'>ethin</span> 
     </span>
     <span class='ocr_line' id='line_1_40' title="bbox 341 4149 1165 4209; baseline -0.008 -12"><span class='ocrx_word' id='word_1_297' title='bbox 341 4166 428 4209; x_wconf 66' lang='lat' dir='ltr'>marp:</span> <span class='ocrx_word' id='word_1_298' title='bbox 444 4152 480 4196; x_wconf 86' lang='lat' dir='ltr'>De</span> <span class='ocrx_word' id='word_1_299' title='bbox 494 4153 646 4196; x_wconf 82' lang='lat' dir='ltr'>Antichristo.</span> <span class='ocrx_word' id='word_1_300' title='bbox 713 4150 747 4195; x_wconf 81' lang='lat'>33.</span> <span class='ocrx_word' id='word_1_301' title='bbox 762 4153 794 4195; x_wconf 89' lang='lat' dir='ltr'>A:</span> <span class='ocrx_word' id='word_1_302' title='bbox 811 4152 835 4195; x_wconf 86' lang='lat' dir='ltr'>iu</span> <span class='ocrx_word' id='word_1_303' title='bbox 850 4151 945 4194; x_wconf 87' lang='lat' dir='ltr'>omitted</span> <span class='ocrx_word' id='word_1_304' title='bbox 962 4150 1040 4193; x_wconf 76' lang='lat' dir='ltr'>before</span> <span class='ocrx_word' id='word_1_305' title='bbox 1054 4149 1165 4193; x_wconf 75' lang='lat' dir='ltr'>moribus.</span> 
     </span>
    </p>
   </div>
   <div class='ocr_carea' id='block_1_10' title="bbox 343 4236 1332 4520">
    <p class='ocr_par' dir='ltr' id='par_1_13' title="bbox 343 4236 1332 4520">
     <span class='ocr_line' id='line_1_41' title="bbox 393 4236 1332 4309; baseline -0.003 -16"><span class='ocrx_word' id='word_1_306' title='bbox 393 4261 418 4309; x_wconf 92' lang='lat'>4.</span> <span class='ocrx_word' id='word_1_307' title='bbox 437 4243 528 4293; x_wconf 86' lang='lat' dir='ltr'>Matth.</span> <span class='ocrx_word' id='word_1_308' title='bbox 544 4242 634 4303; x_wconf 85' lang='lat' dir='ltr'>XXIV,</span> <span class='ocrx_word' id='word_1_309' title='bbox 646 4241 723 4306; x_wconf 80' lang='lat'>4-5.</span> <span class='ocrx_word' id='word_1_310' title='bbox 770 4258 794 4308; x_wconf 93' lang='lat'>7.</span> <span class='ocrx_word' id='word_1_311' title='bbox 813 4242 918 4292; x_wconf 90' lang='lat' dir='ltr'>Comm.</span> <span class='ocrx_word' id='word_1_312' title='bbox 932 4242 958 4289; x_wconf 90' lang='lat' dir='ltr'>in</span> <span class='ocrx_word' id='word_1_313' title='bbox 971 4239 1061 4289; x_wconf 85' lang='lat' dir='ltr'>hlatth.</span> <span class='ocrx_word' id='word_1_314' title='bbox 1075 4241 1091 4289; x_wconf 90' lang='lat' dir='ltr'>l.</span> <span class='ocrx_word' id='word_1_315' title='bbox 1104 4254 1126 4290; x_wconf 89' lang='lat' dir='ltr'>c.</span> <span class='ocrx_word' id='word_1_316' title='bbox 1139 4255 1165 4304; x_wconf 87' lang='lat' dir='ltr'>p.</span> <span class='ocrx_word' id='word_1_317' title='bbox 1181 4236 1332 4305; x_wconf 78' lang='lat'>182-1933</span> 
     </span>
     <span class='ocr_line' id='line_1_42' title="bbox 343 4308 1332 4374; baseline -0.006 -9"><span class='ocrx_word' id='word_1_318' title='bbox 343 4313 538 4366; x_wconf 80' lang='lat' dir='ltr'>ib.Act.Vlll.</span> <span class='ocrx_word' id='word_1_319' title='bbox 601 4311 808 4374; x_wconf 86' lang='lat' dir='ltr'>12.l.loh.ll,</span> <span class='ocrx_word' id='word_1_320' title='bbox 835 4309 872 4362; x_wconf 86' lang='lat'>18.</span> <span class='ocrx_word' id='word_1_321' title='bbox 928 4325 969 4361; x_wconf 86' lang='lat'>22.</span> <span class='ocrx_word' id='word_1_322' title='bbox 993 4309 1034 4360; x_wconf 88' lang='lat' dir='ltr'>Ci.</span> <span class='ocrx_word' id='word_1_323' title='bbox 1053 4310 1092 4359; x_wconf 89' lang='lat' dir='ltr'>De</span> <span class='ocrx_word' id='word_1_324' title='bbox 1111 4308 1216 4359; x_wconf 88' lang='lat' dir='ltr'>Christo</span> <span class='ocrx_word' id='word_1_325' title='bbox 1234 4316 1261 4357; x_wconf 89' lang='lat' dir='ltr'>et</span> <span class='ocrx_word' id='word_1_326' title='bbox 1278 4321 1332 4359; x_wconf 82' lang='lat' dir='ltr'>auo</span> 
     </span>
     <span class='ocr_line' id='line_1_43' title="bbox 343 4378 1332 4446; baseline -0.005 -13"><span class='ocrx_word' id='word_1_327' title='bbox 343 4385 493 4435; x_wconf 86' lang='lat' dir='ltr'>adversario</span> <span class='ocrx_word' id='word_1_328' title='bbox 504 4381 671 4443; x_wconf 86' lang='lat' dir='ltr'>Antichristo,</span> <span class='ocrx_word' id='word_1_329' title='bbox 683 4382 739 4432; x_wconf 88' lang='lat' dir='ltr'>Pol.</span> <span class='ocrx_word' id='word_1_330' title='bbox 755 4382 862 4444; x_wconf 85' lang='lat' dir='ltr'>Worlrs,</span> <span class='ocrx_word' id='word_1_331' title='bbox 876 4382 917 4432; x_wconf 89' lang='lat' dir='ltr'>ed.</span> <span class='ocrx_word' id='word_1_332' title='bbox 932 4379 1100 4444; x_wconf 80' lang='lat' dir='ltr'>Buddensieg</span> <span class='ocrx_word' id='word_1_333' title='bbox 1110 4378 1140 4441; x_wconf 93' lang='lat' dir='ltr'>ll,</span> <span class='ocrx_word' id='word_1_334' title='bbox 1152 4392 1201 4446; x_wconf 85' lang='lat'>279</span> <span class='ocrx_word' id='word_1_335' title='bbox 1213 4385 1240 4427; x_wconf 89' lang='lat' dir='ltr'>et</span> <span class='ocrx_word' id='word_1_336' title='bbox 1251 4391 1332 4445; x_wconf 77' lang='lat' dir='ltr'>seqq.</span> 
     </span>
     <span class='ocr_line' id='line_1_44' title="bbox 343 4453 1278 4520; baseline 0.003 -18"><span class='ocrx_word' id='word_1_337' title='bbox 343 4453 383 4502; x_wconf 88' lang='lat' dir='ltr'>Ci.</span> <span class='ocrx_word' id='word_1_338' title='bbox 402 4463 428 4504; x_wconf 89' lang='lat' dir='ltr'>et</span> <span class='ocrx_word' id='word_1_339' title='bbox 446 4453 512 4504; x_wconf 87' lang='lat' dir='ltr'>infra</span> <span class='ocrx_word' id='word_1_340' title='bbox 530 4468 590 4520; x_wconf 79' lang='lat' dir='ltr'>pag.</span> <span class='ocrx_word' id='word_1_341' title='bbox 613 4453 668 4507; x_wconf 81' lang='lat'>133.</span> <span class='ocrx_word' id='word_1_342' title='bbox 1274 4466 1278 4475; x_wconf 79' lang='lat'><strong>¹</strong></span> 
     </span>
    </p>
   </div>
   <div class='ocr_carea' id='block_1_11' title="bbox 0 0 1554 5130">
    <p class='ocr_par' dir='ltr' id='par_1_14' title="bbox 0 0 1554 5130">
     <span class='ocr_line' id='line_1_45' title="bbox 0 0 1554 5130; baseline 0 1"><span class='ocrx_word' id='word_1_343' title='bbox 0 0 1554 5130; x_wconf 95' lang='lat' dir='ltr'> </span> 
     </span>
    </p>
   </div>
  </div>
 </body>
</html>
