3098 5130
618 457 708 508 OPUS
727 456 978 507 EVANGELlCUM
1000 457 1063 507 LlB.
1082 457 1124 507 lll.
1180 440 1254 523 [CAp
1268 452 1362 497 XLVII·

374 633 435 677 tam
455 618 606 676 laboriose
622 636 677 676 sua
696 617 809 675 monita
833 619 942 674 adorat
959 617 1058 692 ipsum
1074 619 1141 693 plus
1158 618 1245 677 anxie
1268 639 1361 696 quarn

372 709 456 764 Jesus
481 719 583 764 noster
606 705 695 779 exigit
719 705 849 766 adorari.

160 792 324 887 ,Antiphras
416 795 453 851 Et
477 806 624 868 quantum
649 794 687 851 ad
711 792 869 850 servicium
905 810 934 854 et
957 793 1048 850 fidem
1072 811 1164 869 quam
1189 813 1268 869 papa
1291 813 1362 870 pro-

177 855 356 956 erqppppcpore
374 881 561 956 mulgaverit,
590 894 673 956 patet
697 882 777 955 quod
803 881 869 955 plus
894 894 1008 941 attente
1030 883 1208 939 observatur
1231 883 1269 939 ab
1294 881 1361 940 infi-

161 949 356 1044 οῗξζῗξξῇῑῐέω
373 969 489 1027 delibus
505 988 597 1043 quarn
616 966 752 1025 Christus
776 967 825 1026 hic
842 969 933 1045 exigit
951 988 1036 1027 suam
1063 967 1152 1026 fidem
1177 987 1194 1025 a
1218 968 1387 1028 fidelibus5

372 1057 539 1127 observari3
565 1056 633 1113 ideo
656 1054 820 1112 verisimile
844 1070 887 1114 est
912 1057 1014 1115 multis
1039 1058 1120 1131 quod
1144 1055 1176 1113 in
1199 1055 1258 1113 isto
1282 1057 1362 1131 peri·

373 1145 476 1201 culoso
500 1157 637 1218 tempore
659 1142 745 1200 multi
769 1145 882 1201 cadunt
906 1165 923 1203 a
948 1145 1006 1203 fide
1023 1143 1145 1200 Domini
1170 1157 1198 1200 et
1221 1143 1362 1202 incidunt

372 1230 402 1288 in
425 1230 586 1306 perfidiam
609 1229 798 1288 Antichristi.
822 1234 859 1288 Et
882 1232 1159 1307 quomodocunque
1183 1231 1362 1289 Antichristi

372 1317 539 1393 discipulus
562 1317 732 1393 palliaverit
760 1317 791 1375 in
815 1320 871 1376 hac
906 1333 1001 1395 parte,
1031 1318 1188 1376 docebitur
1212 1337 1245 1375 ex
1268 1337 1362 1393 opere

372 1406 485 1463 lactum
510 1405 599 1464 istud.
623 1407 796 1463 Teneamus
820 1424 892 1481 ergo
915 1409 998 1482 quod
1021 1406 1083 1463 sive
1107 1409 1261 1464 Romanus
1285 1425 1360 1481 pon·
1374 1426 1406 1461 ιο

372 1492 441 1550 tifex
464 1493 526 1550 sive
549 1492 723 1569 quicunque
747 1492 823 1550 alius
855 1513 927 1551 sane
951 1493 1088 1552 docuerit
1117 1492 1206 1550 fidem
1237 1493 1360 1567 Christi,

372 1582 516 1638 debemus
540 1593 664 1655 propter
689 1579 843 1637 Christum
873 1580 930 1655 ipsi
954 1581 1024 1639 fidei
1049 1580 1220 1638 consentire
1244 1576 1358 1662 eciaml

372 1668 396 1724 si
420 1666 594 1724 incarnatus
617 1667 755 1725 diabolus
780 1668 914 1741 proderit
937 1668 1035 1744 ipsam
1062 1666 1162 1724 fidem.
1187 1669 1264 1724 Cum
1288 1686 1360 1744 ergo
1388 1671 1455 1738 422b

373 1755 510 1814 Christus
533 1767 595 1812 tam
630 1768 769 1829 patenter
792 1753 865 1812 dicit
889 1756 925 1812 de
948 1775 1026 1831 pane
1050 1768 1079 1812 et
1102 1755 1186 1813 vino:
1222 1755 1287 1812 Hoc
1319 1767 1362 1813 est

372 1861 479 1918 corpus
515 1860 621 1913 meum,
670 1842 716 1898 hic
747 1852 790 1898 est
821 1843 943 1920 sanguis
975 1861 1066 1915 meus,
1100 1856 1257 1900 teneamus
1300 1847 1404 1901 nonii

371 1928 561 1987 obstantibus
584 1927 761 1986 Antichristi
784 1929 926 1987 versuciis
950 1930 1038 1988 istam
1068 1929 1169 1987 fidem.
1203 1931 1289 1987 Unde
1318 1929 1363 1987 in-

372 2019 501 2074 duamus
525 2036 581 2073 nos
604 2016 740 2074 habitum
766 2015 845 2073 Petri
869 2016 1080 2092 respondentis
1105 2015 1225 2074 Christo
1249 2017 1280 2074 in
1304 2015 1362 2075 isto

371 2103 501 2162 articulo
516 2105 583 2161 loh.
608 2106 655 2175 Vl,
680 2105 731 2175 61,
756 2103 806 2160 ubi
831 2103 940 2179 legitur
964 2107 1043 2179 quod
1067 2103 1188 2162 Christo
1211 2117 1363 2162 asserente

372 2191 461 2249 istam
490 2190 733 2266 predicacionem
759 2190 1013 2251 habitudinalem:
1037 2192 1127 2248 Multi
1151 2191 1361 2267 discipulorum

372 2279 506 2336 abierunt
522 2290 687 2336 retrorsum
712 2278 853 2336 dicentes:
875 2279 980 2336 Durus
1003 2291 1045 2336 est
1068 2280 1113 2335 lu'c
1128 2297 1226 2335 sermo
1249 2290 1277 2335 et
1288 2280 1407 2354 ¹quis'ao

368 2377 465 2444 potest
493 2385 557 2423 eum
590 2367 694 2422 audire
727 2377 755 2423 et
782 2364 901 2425 Christo
924 2378 1060 2442 querente
1083 2385 1100 2421 a
1124 2366 1184 2421 suis
1206 2367 1360 2441 apostolis:

371 2454 523 2529 Numquid
545 2465 572 2510 et
596 2472 646 2510 vos
679 2453 766 2511 vultis
796 2453 889 2528 abire,
921 2454 997 2510 dixit
1020 2454 1143 2510 Petrus:
1187 2452 1280 2509 Verba
1305 2454 1362 2509 vite

373 2552 470 2599 eterne
492 2541 596 2611 haben·
622 2541 663 2597 ad
685 2558 766 2615 quem
791 2540 916 2597 ibimus?
944 2543 975 2596 ln
1000 2558 1061 2614 quo
1086 2540 1211 2596 docetur
1235 2539 1361 2596 ecclesia

372 2647 434 2686 non
458 2630 580 2686 credere
599 2647 676 2702 pape
700 2627 746 2684 vel
768 2641 849 2685 secte
872 2627 962 2684 alicui
980 2640 1112 2703 quatuor
1134 2645 1282 2683 novarum
1307 2645 1362 2701 per

372 2713 527 2772 diabolum
563 2715 747 2787 introducte,
782 2714 852 2772 licet
890 2713 1139 2790 dogmatizaverit
1172 2713 1405 2771 contrariumai

372 2801 443 2860 dicti
468 2801 590 2875 Christi,
614 2801 685 2878 quia
710 2803 790 2859 Luce
806 2803 881 2876 XIX,
911 2821 956 2874 14,
981 2801 1012 2857 in
1036 2800 1087 2857 illa
1104 2813 1192 2858 acuta
1216 2802 1362 2875 parabola

372 2889 444 2947 dicit
461 2889 611 2947 Christus:
640 2889 725 2946 Ciues
740 2899 834 2945 autem
852 2888 912 2945 eius
935 2890 1059 2946 oderant
1073 2888 1155 2944 illum
1179 2898 1206 2944 et
1221 2888 1364 2944 miserunt

370 2977 552 3056 legacionem
573 2987 641 3053 post
669 2976 751 3032 illum
777 2976 918 3032 dicentes:
955 2976 1100 3032 Nolumus
1132 2975 1208 3030 hunc
1232 2993 1363 3053 regnare

371 3082 461 3141 super
483 3083 545 3121 uos.
585 3064 674 3134 Quod
708 3062 785 3120 sicut
817 3062 872 3119 fuit
905 3061 1094 3120 verificatuxu
1124 3060 1155 3116 in
1179 3060 1300 3118 Christo
1324 3063 1362 3118 ad

372 3151 491 3208 literam
532 3153 569 3208 de
606 3149 802 3225 pontificibus
835 3163 864 3206 et
899 3147 1045 3223 phariseis
1078 3147 1129 3223 qui
1154 3148 1274 3204 fuerant
1298 3148 1362 3205 eius
1374 3155 1407 3205 30

372 3237 498 3307 inimici,
535 3237 576 3296 ita
609 3237 783 3295 verificatur
818 3235 908 3294 hodie
936 3237 973 3293 de
1008 3237 1116 3293 eodem
1145 3252 1254 3310 genere
1277 3236 1360 3310 quod

374 3324 526 3384 extollitur
556 3343 648 3401 supra
673 3323 837 3395 Christum,
862 3322 933 3399 quia
958 3324 1094 3381 Christus
1119 3321 1206 3380 dicit:
1230 3322 1297 3379 Hoc
1321 3333 1363 3379 est

373 3431 481 3489 corpus
503 3430 609 3485 meum,
633 3412 679 3469 ltic
702 3423 745 3469 est
767 3411 890 3490 sanguis
905 3429 994 3481 meus,
1020 3424 1049 3468 et
1063 3408 1266 3468 Antichristus
1290 3408 1363 3467 dicit

374 3519 442 3559 cum
467 3498 528 3555 suis
545 3499 745 3573 complicibus
769 3500 850 3574 quod
869 3500 925 3555 hoc
949 3511 993 3555 est
1017 3496 1194 3569 hereticum,
1219 3516 1288 3555 cum
1306 3498 1362 3553 hoc

374 3586 412 3645 sit
445 3585 586 3646 accidens
614 3586 674 3644 sive
709 3587 862 3643 abstracta
900 3585 1074 3643 substancia
1102 3584 1163 3642 sive
1187 3584 1294 3656 nichil;
1333 3587 1405 3640 et35

373 3673 548 3749 quicunque
572 3672 701 3731 tenuerit
725 3673 900 3748 oppositum
925 3686 1083 3748 tamquam
1109 3671 1258 3729 hereticus
1282 3690 1363 3729 corn·

374 3762 508 3821 burctur.

418 3850 455 3904 Et
479 3847 521 3906 sic
546 3849 582 3904 de
608 3845 769 3922 multiplici
788 3847 846 3904 lide
870 3846 1020 3922 scripture
1044 3865 1134 3921 quam
1156 3865 1218 3903 non
1242 3843 1363 3902 audebit

376 3934 559 3992 christianus
573 3947 713 4009 patenter
728 3952 861 3992 asserere
877 3948 1002 4010 propter
1017 3952 1160 3992 censuras
1176 3946 1205 3990 et
1221 3931 1361 3989 timorem

427 4222 687 4278 4,5.B:astdelr'bus.
755 4223 904 4279 xahxr'pre.
972 4221 1220 4277 13.A:istomstdem.
1280 4219 1361 4264 35.oe

373 4276 426 4320 εἰπε
437 4277 575 4320 substracta.

430 4415 471 4451 υ.
490 4400 549 4451 loh.
571 4401 611 4463 Vl,
630 4398 672 4463 68,
690 4399 733 4469 69.
