3098 5130
225 479 293 523 cnr.
309 462 386 545 xxi]
512 484 557 534 os
576 484 816 534 numcnmsro
836 485 899 535 Lm.
920 485 938 534 1.

225 663 275 701 nos
294 645 457 721 prophetas
476 656 502 701 et
518 644 661 721 sapientes
676 656 703 702 et
719 645 831 702 scribas
847 656 900 705 etc.
923 645 1073 723 Simulque
1093 647 1216 703 observa

223 732 305 787 iuxta
340 732 511 807 Apostolum
545 733 716 789 scribentem
751 733 790 788 ad
823 732 990 789 Corinthios
1023 733 1107 789 uaria
1140 735 1216 790 dona

223 837 285 874 esse
317 818 526 895 discipulorum
563 818 684 890 Christi,
716 819 790 876 alios
819 821 982 896 prophetas
1013 821 1063 896 qui
1095 832 1215 877 ventura

219 906 390 981 predicant;
420 907 495 964 alios
525 908 669 982 sapientes
701 907 751 981 qui
781 908 913 964 noverint
946 910 1061 983 quando
1095 909 1217 965 debeant

198 995 211 1043 5
219 995 363 1069 proferre
384 1011 560 1063 sermonem,
584 994 658 1051 alios
681 994 793 1051 scribas
817 995 844 1049 in
869 995 935 1072 lege
958 995 1156 1065 doctissimos,·
1178 1013 1218 1052 ex

116 1079 188 1144 412¹*
222 1081 323 1155 quibus
340 1081 488 1156 lapidatus
502 1092 545 1137 est
562 1075 568 1162 Ι
590 1082 765 1156 Stephanus,
786 1081 896 1138 Paulus
911 1082 1032 1153 occisus,
1057 1083 1217 1161 crucifixus

223 1168 338 1237 Petrus,
348 1168 502 1246 flagellati
515 1169 543 1224 in
559 1169 669 1224 actibus
685 1168 886 1246 apostolorum
904 1169 1048 1245 discipuli,
1072 1181 1100 1227 et
1113 1188 1214 1246 perse·

222 1255 280 1311 cuti
301 1274 350 1311 eos
373 1267 439 1312 sunt
458 1257 494 1312 de
510 1255 626 1313 ciuitate
641 1257 669 1311 in
686 1256 842 1326 civitatem,
866 1258 1045 1334 expellentes
1062 1258 1097 1314 de
1111 1256 1215 1327 Judea,

222 1353 252 1397 ut
275 1343 315 1397 ad
336 1343 471 1420 gencium
492 1343 635 1421 populum
659 1343 920 1421 transmigrarent.

181 1447 212 1479 10
271 1429 308 1485 Ut
332 1431 426 1486 veniat
448 1449 538 1506 super
561 1448 613 1486 vos
636 1430 730 1486 omnis
752 1431 875 1509 sanguis
898 1431 990 1488 iustus
1012 1442 1065 1487 etc.
1083 1431 1129 1487 De
1144 1430 1217 1487 Abel

222 1516 303 1571 nulla
325 1517 503 1595 ambiguitas
526 1518 592 1593 quin
621 1517 645 1573 is
673 1517 711 1574 sit
733 1535 816 1592 quem
841 1518 923 1574 Caim
933 1519 1040 1592 frater
1055 1518 1214 1576 occiderat.

222 1603 317 1660 Iustus
339 1617 435 1660 autem
460 1623 515 1660 non
538 1605 632 1661 solum
656 1622 696 1661 ex
717 1604 839 1660 Domini
861 1624 935 1662 nuuc
949 1606 1094 1662 sentencia
1109 1606 1162 1662 sed
1177 1623 1217 1662 ex

226 1690 346 1747 Genesis
369 1692 530 1748 testimonio
554 1693 777 1768 comprobatur,
806 1692 854 1748 ubi
879 1704 998 1769 accepta
1027 1693 1087 1749 eius
1110 1712 1126 1748 a
1150 1693 1215 1748 Deo

222 1790 386 1834 narrantur
406 1796 538 1838 munera.
568 1780 724 1847 Querimus
747 1779 810 1854 quis
831 1779 868 1835 sit
890 1780 942 1837 iste
958 1779 1122 1836 Zacharias
1129 1779 1215 1856 filius

181 1865 379 1937 iiBarachie,
412 1867 478 1940 quia
512 1867 619 1922 multos
652 1866 778 1943 legimus
801 1867 972 1924 Zacharias.
1002 1868 1042 1923 Et
1066 1886 1100 1922 ne
1123 1867 1215 1923 libera

221 1952 302 2008 nobis
325 1954 505 2010 tribueretur
520 1954 634 2010 erroris
642 1953 788 2028 facultas,
811 1954 943 2010 additum
960 1965 1017 2011 est:
1039 1973 1122 2030 quem
1139 1954 1214 2010 occi-

222 2040 305 2096 distis
328 2041 405 2097 inter
426 2042 565 2116 templum
590 2051 617 2096 et
639 2041 744 2096 altare.
770 2042 803 2096 In
827 2041 951 2099 diuersis
973 2042 1088 2097 diversa
1113 2041 1175 2119 legi
1189 2053 1215 2098 et

223 2127 311 2184 debeo
333 2128 518 2206 singulorum
543 2128 688 2206 opiniones
700 2145 822 2202 ponere.
845 2129 905 2184 Alii
923 2128 1098 2184 Zachariam
1114 2129 1213 2206 filium

222 2215 389 2271 Barachiae
412 2216 511 2272 dicunt
533 2216 583 2291 qui
603 2215 631 2270 in
656 2215 807 2272 duodecim
820 2215 975 2292 prophetis
992 2216 1157 2272 undecimus
1173 2226 1214 2272 est

177 2318 211 2351 20
218 2302 373 2377 patrisque
396 2321 498 2360 nomen
522 2303 550 2358 in
574 2319 607 2358 eo
630 2302 785 2371 consentit;
808 2303 860 2358 sed
882 2303 931 2358 ubi
953 2303 1064 2359 occisus
1086 2303 1122 2359 sit
1139 2303 1214 2359 inter

223 2389 362 2464 templum
391 2402 419 2446 et
442 2391 546 2459 altare,
574 2390 722 2464 scriptura
747 2407 802 2445 non
827 2389 970 2464 loquitur:
998 2389 1126 2446 maxime
1148 2408 1212 2445 cum

222 2477 401 2551 temporibus
425 2477 486 2534 eius
509 2477 560 2533 vix
577 2477 660 2533 ruine
682 2477 783 2552 templi
797 2476 923 2550 fuerint.
953 2477 1012 2532 Alii
1037 2477 1212 2532 Zachariam

217 2574 336 2638 patrem
369 2564 506 2620 Iohannis
537 2563 663 2641 intelligi
686 2565 795 2633 volunt,
824 2581 863 2620 ex
885 2563 1054 2638 quibusdam
1084 2581 1213 2642 apocry-

216 2652 345 2724 phorum
369 2652 497 2727 sompnis
520 2652 717 2727 approbantes
743 2650 823 2726 quod
847 2663 1006 2726 propterea
1034 2651 1144 2707 occisus
1165 2652 1213 2717 sit,

175 2738 285 2812 asquia
310 2738 475 2794 Salvatoris
494 2739 668 2813 predicaret
690 2740 855 2794 adventum.
882 2738 949 2795 Hoc
972 2738 1038 2813 qnia
1063 2739 1098 2795 de
1119 2738 1213 2814 scrip·

219 2825 294 2880 turis
318 2844 373 2881 non
397 2826 482 2882 habet
504 2827 720 2898 auctoritatem,
743 2826 844 2882 eadem
862 2825 1014 2900 facilitate
1037 2826 1212 2901 contempni·

217 2923 269 2966 tur
289 2931 346 2987 qua
366 2912 522 2988 probatur.

263 3000 322 3054 Alii
352 3000 438 3056 istum
471 3001 571 3057 uolunt
605 3018 667 3057 esse
697 2999 873 3056 Zachariam
907 2999 956 3075 qui
982 3000 1093 3056 occisus
1124 3010 1167 3056 est
1193 3019 1211 3055 a

219 3087 285 3142 Ioas
318 3105 391 3164 rege
419 3087 491 3144 lude
522 3087 598 3145 inter
629 3087 767 3164 templum
796 3098 822 3143 et
855 3087 961 3157 altare,
989 3087 1062 3143 sicut
1095 3089 1210 3165 Regum

174 3176 207 3226 30
218 3185 324 3229 narrat
348 3175 479 3230 historia.
504 3175 564 3230 Sed
586 3175 799 3231 obseruandum
817 3174 895 3249 quod
912 3174 962 3230 ille
977 3175 1140 3230 Zacharias
1155 3193 1210 3230 non

217 3260 255 3315 sit
275 3261 360 3336 filius
387 3263 535 3318 Barachie
561 3263 614 3318 sed
631 3262 718 3338 filius
744 3262 845 3318 loiade
869 3262 1040 3320 sacerdotis.
1076 3263 1157 3318 Unde
1184 3274 1210 3317 et

217 3348 366 3423 scriptura
395 3349 506 3423 refert:
537 3349 604 3404 Non
626 3348 691 3423 fuit
727 3349 900 3405 recordatus
928 3348 994 3405 Ioas
1023 3349 1120 3424 patris
1151 3349 1210 3405 eius

219 3434 318 3491 loiade
346 3437 422 3510 quod
444 3437 500 3492 sibi
520 3436 644 3511 fecisset
667 3436 751 3492 bona.
784 3435 856 3491 Cum
881 3452 955 3512 ergo
983 3445 1009 3492 et
1032 3436 1208 3491 Zachariam

218 3533 366 3578 teneamus
398 3535 424 3580 et
455 3524 606 3580 occisionis
633 3523 796 3580 consenciat
824 3523 915 3595 locus,
944 3523 1092 3596 querimus
1119 3541 1210 3597 quare

174 3607 366 3665 35Barachie
389 3611 505 3666 dicatur
519 3611 605 3687 filius
627 3622 654 3666 et
679 3630 734 3667 non
759 3611 864 3667 loiade.
890 3609 1039 3665 Barachia
1062 3610 1090 3665 in
1107 3611 1209 3688 lingua

217 3708 318 3753 nostra
356 3698 520 3754 benedictus
552 3699 675 3754 Domini
712 3698 819 3753 dicitur
850 3707 878 3753 et
914 3697 1076 3753 sacerdotis
1110 3697 1210 3753 loiade

217 3784 329 3840 iusticia
354 3785 470 3841 Hebreo
497 3802 632 3841 sermone
659 3786 887 3843 demonstratur.
917 3785 950 3839 In
973 3784 1126 3861 euangelio
1153 3802 1208 3859 quo

218 3882 338 3927 utuntur
363 3871 514 3952 Nazareni
532 3891 591 3948 pro
609 3873 679 3950 filio
703 3872 850 3928 Barachie
869 3871 968 3949 filium
993 3871 1093 3926 loiade
1114 3872 1207 3946 scrip-

218 3971 279 4014 tum
308 3960 479 4035 reperimus.
510 3959 710 4037 Simpliciores
728 3961 850 4034 fratres
874 3959 949 4014 inter
981 3957 1081 4014 ruinas
1109 3958 1210 4034 templi

270 4198 291 4239 o.
308 4187 400 4231 Codd.:
421 4188 629 4244 transmigrarent.
698 4200 722 4231 tt.
743 4189 777 4230 A:
785 4187 874 4242 frater
887 4188 944 4231 eius.
1029 4199 1060 4238 ta.
1076 4191 1208 4230 narrantur

218 4240 332 4283 uniuersa.
393 4240 420 4284 15.
437 4241 470 4283 A:
485 4243 571 4284 multos
584 4241 656 4284 deest.
745 4238 778 4283 23.
794 4240 823 4283 B:
836 4240 923 4295 patris.
983 4237 1065 4283 31-33.
1080 4242 1114 4282 A:
1129 4252 1207 4283 sacer·

218 4292 407 4336 dotis—loiade
421 4292 492 4335 deest.
547 4291 578 4336 35.
594 4293 628 4335 A:
644 4293 668 4336 in
684 4292 756 4336 deest.

273 4421 333 4469 2.1.
354 4421 413 4469 Cor.
434 4421 487 4468 Vll.
573 4421 610 4472 13.
631 4420 696 4470 Gen.
717 4420 758 4469 lV.
841 4420 882 4470 31.
903 4419 933 4468 ll.
953 4418 1036 4468 Paral.
1056 4419 1144 4481 xxiv,
1165 4433 1205 4470 22.

1301 1421 1365 1465 who

1237 1486 1285 1517 suas
1301 1475 1426 1519 Zacharias

1261 1527 1298 1570 the
1313 1540 1355 1570 son
1371 1528 1397 1570 ot

1261 1580 1400 1624 Barachion.
