3098 5130
212 540 279 583 car.
295 527 348 609 ut]
493 542 537 593 ne
559 542 796 593 nurtcnarsto
818 543 880 592 mn.
901 545 917 592 t.

214 709 435 773 Romanorum3
461 704 492 758 in
515 721 575 777 qua
599 703 745 760 divisione
770 717 840 760 sunt
856 706 962 761 iratres
987 720 1015 762 et
1039 721 1119 764 secte
1143 706 1202 764 alic

212 793 305 850 divise
340 793 379 848 ad
412 789 588 848 divisionem
618 790 747 847 istorum
776 791 956 865 pontificum
982 794 1200 853 Romanorum.

213 885 288 938 Sunt
312 892 414 936 autem
441 878 527 935 multi
554 896 587 935 ex
611 869 743 953 utraque
764 893 851 953 parte
879 878 1072 938 incurvantes
1098 899 1129 938 se
1153 901 1202 939 co·

213 988 276 1025 ram
301 986 356 1023 suo
381 985 461 1041 papa
486 979 515 1022 et
540 966 651 1022 multos
675 984 709 1022 ex
732 980 818 1040 parte
842 968 936 1025 altera
956 985 991 1024 ac
1008 967 1085 1025 alios
1101 970 1202 1026 volen-

188 1060 256 1112 §tes
280 1054 361 1129 ipsos
385 1053 488 1112 iuvare
513 1051 723 1127 multipliciter
746 1066 776 1110 et
799 1054 926 1111 subdole
949 1055 1159 1129 depravantes.

255 1145 292 1199 Et
316 1143 353 1198 ad
379 1140 609 1198 certificandum
635 1143 672 1197 de
696 1140 843 1215 quiditate
867 1141 952 1198 istius
977 1141 1084 1217 capitis
1100 1145 1202 1201 subdit

212 1230 375 1305 propheta:
402 1229 560 1306 Longarus
583 1240 611 1284 et
634 1228 816 1284 honorabilis
838 1229 901 1305 ipse
924 1241 966 1285 est
989 1241 1086 1306 caput.
1110 1233 1154 1288 Ac
1177 1232 1201 1289 si

212 1318 384 1374 intenderet
407 1334 487 1389 papa
512 1317 626 1372 durans
650 1334 704 1390 per
729 1316 811 1372 mille
836 1335 932 1373 annos
956 1331 1128 1392 atempore
1145 1319 1202 1376 Sil·

212 1404 301 1462 vestri
326 1422 421 1479 usque
446 1405 484 1460 ad
510 1421 621 1477 papam
646 1402 845 1461 novissimum
874 1406 1102 1462 destruendum.
1136 1409 1202 1481 lpse

172 1493 241 1548 rain
265 1511 319 1549 sua
343 1488 563 1548 communitate
588 1504 631 1547 est
656 1506 717 1548 tam
742 1490 886 1565 longevus
906 1510 998 1566 quam
1015 1493 1202 1552 honorabilis

211 1581 312 1654 quoad
339 1579 499 1635 mundum.
524 1581 590 1652 lpse
614 1592 716 1635 autem
733 1591 777 1635 cst
794 1592 885 1653 caput
902 1592 1052 1637 sectarum
1070 1595 1202 1655 quatuor

210 1669 315 1725 saltem
350 1665 495 1723 maniacis
527 1664 766 1723 occidentalibus
799 1665 850 1741 qui
883 1665 915 1723 in
949 1666 1007 1723 tide
1030 1685 1083 1741 per
1113 1687 1201 1743 argu-

212 1768 313 1812 menta
338 1753 450 1810 diaboli
475 1767 543 1809 sunt
567 1753 694 1823 seducti,
727 1765 760 1809 ut
792 1752 817 1809 si
842 1753 979 1811 Christus
1003 1754 1086 1812 dedit
1111 1757 1201 1814 Petro

117 1848 184 1913 408·
212 1844 309 1900 claves
347 1840 431 1915 regni
452 1836 456 1918 Ι
478 1841 624 1912 celorum,
664 1858 736 1913 ergo
771 1859 850 1915 pape
888 1840 939 1915 qui
972 1841 1109 1915 graditur
1147 1862 1201 1918 per

172 1930 290 1988 rivium
316 1928 502 1987 contrarium
527 1942 590 1983 tam
616 1926 736 1984 Christo
760 1947 851 2001 quam
878 1931 976 1985 Petro.

255 2020 291 2074 Et
315 2028 464 2092 quantum
490 2016 528 2072 ad
552 2018 681 2073 caudam
707 2014 779 2072 dicit
803 2014 908 2073 Ysaias
932 2027 959 2072 et
977 2017 1124 2092 propheta
1149 2019 1200 2074 do·

211 2124 277 2161 cens
310 2104 491 2161 mendacium
525 2103 586 2178 ipse
620 2115 662 2160 est
685 2104 790 2160 cauda.
825 2105 884 2160 Sed
908 2121 1002 2178 queso
1026 2103 1075 2161 cui
1099 2119 1201 2179 posset

211 2192 290 2249 istud
314 2194 439 2249 verbum
465 2190 677 2265 propheticum
703 2190 809 2247 melius
826 2209 918 2266 quam
936 2191 1079 2248 fratribus
1103 2192 1200 2266 appli-

212 2280 284 2337 cari.
309 2278 367 2354 lpsi
390 2278 471 2336 enim
496 2278 663 2334 fundantur
686 2295 777 2352 super
802 2277 962 2335 mendacio
986 2292 1015 2335 et
1032 2279 1200 2352 practizant

169 2389 201 2423 20
211 2367 286 2424 illud
311 2379 373 2424 tam
399 2368 490 2423 verbo
514 2384 606 2440 quam
632 2383 724 2440 opere
747 2383 784 2422 ac
807 2364 831 2421 si
856 2366 932 2422 foret
954 2364 1014 2422 vita
1039 2385 1103 2423 sua.

256 2456 344 2512 Unde
382 2453 453 2528 quia
490 2451 639 2527 ypocrisis
672 2466 717 2509 est
750 2452 981 2509 fundamentum
1018 2452 1076 2509 hiis
1111 2452 1200 2510 sectis

212 2555 353 2617 quatuor,
379 2554 601 2614 consequenter
623 2540 729 2596 Ysaias
753 2539 796 2596 sic
819 2539 969 2616 loquitur:
995 2540 1035 2595 Et
1051 2552 1136 2596 erunt
1151 2543 1202 2617 qui

212 2629 375 2706 beatificant
405 2628 547 2705 populum
572 2629 657 2684 istum
681 2629 849 2685 seducentes
876 2639 904 2683 et
925 2626 976 2703 qui
997 2626 1199 2704 beatificantur

208 2716 387 2793 precipitati,
425 2735 460 2773 ac
498 2715 523 2771 si
557 2714 670 2771 diceret
702 2715 754 2789 qui
786 2728 897 2772 vocant
929 2732 1040 2789 papam
1080 2727 1196 2788 patrem

169 2803 418 2861 ribeatissimum
453 2816 482 2860 et
506 2816 603 2860 sectas
628 2803 681 2859 has
705 2801 736 2858 in
761 2801 869 2859 merito
894 2802 1081 2871 excellentes,
1115 2801 1197 2876 ipsos

211 2893 356 2948 seducent
380 2909 434 2965 per
457 2892 547 2947 verba
570 2889 738 2963 ypocritica
762 2903 855 2964 atque
871 2887 1041 2955 mendacia,
1066 2889 1096 2945 in
1113 2888 1199 2946 cuius

211 2979 330 3053 signum
355 2991 435 3034 secte
459 2977 514 3034 iste
538 2996 605 3034 cum
631 2996 686 3034 suo
710 2976 808 3050 capite
832 2989 920 3033 erunt
943 2975 1132 3051 precipitata.

255 3067 384 3142 Propter
407 3065 471 3135 hoc,
504 3064 600 3139 inquit
624 3063 740 3134 Ysaias,
772 3082 862 3139 super
893 3064 1116 3120 adolescentulis
1139 3059 1411 3155 eiuszflh‘gwelgr'f'elffi

212 3172 267 3209 non
291 3152 482 3209 delectabitur
505 3153 649 3208 Dominus
672 3163 699 3208 et
718 3151 900 3227 pupillorum
924 3152 984 3207 eius
999 3162 1026 3206 et
1044 3151 1198 3208 viduarum
1245 3124 1382 3221 nipoirtsy.

170 3248 267 3297 30non
292 3240 486 3309 miserebitur,
520 3240 586 3316 quia
619 3239 712 3296 omnis
728 3238 874 3316 ypocrita
907 3249 949 3295 est
977 3249 1004 3293 et
1027 3256 1148 3312 nequam
1173 3249 1200 3295 et

212 3328 378 3384 uniuersum
403 3345 435 3383 os
459 3328 584 3383 locutum
609 3338 651 3383 est
666 3326 834 3383 stulticiam.
860 3325 917 3382 Hic
933 3324 1052 3381 videtur
1069 3327 1199 3399 prophe·

212 3429 272 3472 tam
298 3414 483 3489 coniungere
507 3414 654 3488 populum
679 3414 837 3470 seductum
872 3432 926 3487 per
948 3413 1022 3469 istos
1046 3412 1199 3486 ypocritas

212 3517 241 3558 et
265 3501 437 3576 specialiter
460 3500 491 3558 in
515 3501 572 3557 hoc
596 3502 677 3575 quod
703 3518 720 3556 a
745 3499 804 3556 fide
828 3500 982 3570 deliciunt,
1008 3512 1036 3556 et
1053 3519 1121 3556 cum
1138 3501 1200 3557 sine

202 3591 268 3666 fide
306 3589 481 3665 impossibile
519 3599 560 3644 est
596 3589 716 3664 placere
747 3589 821 3659 Deo‚'
861 3603 892 3644 ut
930 3586 1005 3644 dicit
1036 3588 1200 3660 Apostolus

170 3679 401 3733 'liHebreorum
425 3679 474 3747 Xl,
498 3676 527 3744 6,
547 3687 629 3749 patet
647 3677 728 3749 quod
753 3674 802 3732 isti
826 3673 1036 3732 miserabiliter
1053 3676 1199 3748 dampna·

213 3766 333 3821 buntur.
359 3764 452 3820 Radix
477 3775 578 3819 autem
603 3763 700 3818 tocius
726 3762 813 3818 huius
839 3761 957 3819 malicie
986 3775 1030 3817 est
1053 3761 1200 3835 ypocrisis

213 3866 273 3908 tam
299 3852 330 3908 in
355 3851 412 3907 hiis
445 3848 535 3907 sectis
567 3864 698 3924 quatuor
731 3868 823 3924 quam
848 3848 878 3905 in
903 3849 1017 3923 populo
1041 3867 1094 3922 per
1117 3847 1198 3922 ipsas

212 3941 347 4009 seducto,
372 3939 424 4014 qui
448 3954 574 3995 erronee
597 3950 626 3994 et
650 3936 819 3994 adulatorie
842 3936 900 3994 illis
925 3935 1019 3993 credit
1043 3949 1070 3991 ct
1094 3937 1199 3993 seduc-

213 4026 299 4084 cione
324 4025 483 4100 multiplici
508 4024 695 4081 mendaciter
718 4024 760 4081 eis
784 4023 951 4099 applaudit.

264 4300 285 4342 o.
301 4301 335 4342 A:
351 4303 373 4341 et
388 4299 459 4342 deest.
566 4309 585 4349 7.
608 4298 667 4340 Ain
684 4308 770 4351 marg:
791 4295 860 4339 Nota.
953 4294 985 4338 25.
1005 4296 1038 4336 A:
1057 4298 1132 4337 sectas
1147 4294 1197 4336 lrac.

212 4350 245 4395 35.
261 4354 293 4394 A:
307 4355 375 4406 patet
389 4351 460 4394 deest.

266 4493 288 4539 7.
309 4478 340 4525 ls.
360 4477 401 4535 tx,
425 4476 462 4524 15.
504 4474 541 4523 iti.
562 4476 592 4523 ls.
613 4476 651 4533 tx,
675 4477 712 4524 15,
750 4488 790 4522 22.
810 4473 840 4520 ls.
862 4473 902 4529 ΙΧ,
926 4469 962 4519 iti.
1001 4469 1197 4534 28.ls.lX,17.

1057 4559 1093 4608 μ
