3098 5130
117 1504 253 1557 ‹stlcctttnm
269 1506 292 1541 ot

150 1557 257 1605 satietas.

549 454 639 501 oens
659 452 910 501 szmxmnctsctnt
933 452 996 501 ιιιι.
1016 450 1055 499 ιιι.
1176 430 1270 521 [cnr.
1292 446 1322 489 v.

318 615 414 670 videri
444 614 513 669 iusti
542 614 659 688 quidam
693 612 867 691 pitylateria
905 612 1033 690 alligant
1070 612 1150 667 circa
1191 612 1320 679 collum,

318 698 436 778 quitiam
471 718 540 756 uero
569 712 686 776 partem
719 700 847 775 aliquam
880 700 1027 777 euangelii
1058 700 1213 775 scriptam.
1258 698 1320 759 Dic

317 788 457 845 sacerdos
479 788 631 863 insipiens:
654 788 756 843 Nonne
778 786 905 861 quotidie
927 786 1111 864 euangelium
1135 787 1165 842 in
1189 788 1317 843 ecclesia

319 875 430 953 legitur
460 886 487 931 et
519 875 640 930 auditur
666 875 702 930 alr
730 874 915 929 homiuibus?
959 874 1014 929 Cui
1035 892 1109 951 ergo
1132 872 1162 929 in
1189 874 1318 931 auribus

315 962 412 1039 posita
444 962 612 1039 euangelica
641 961 713 1015 nihil
738 972 874 1037 prosunt,
911 962 1056 1035 quomodo
1088 978 1152 1017 eum
1187 966 1340 1037 possenti

319 1050 398 1107 circa
431 1049 537 1106 collum
572 1066 711 1123 suspensa
745 1048 888 1104 salvare?
921 1048 1034 1105 Deinde
1065 1048 1114 1103 ubi
1144 1059 1187 1103 est
1217 1048 1315 1103 uirtus

319 1137 475 1216 evangelii,
499 1136 526 1191 in
542 1136 657 1213 figuris
680 1135 846 1191 litterarum
870 1153 907 1189 an
931 1135 959 1190 in
982 1135 1128 1192 intellectu
1151 1138 1316 1193 sensuum?

320 1226 353 1281 Si
374 1226 402 1280 in
415 1224 542 1301 figuris,
565 1224 635 1279 bene
657 1222 737 1278 circa
762 1223 868 1278 collum
885 1224 1048 1297 suspendis,
1069 1221 1139 1279 siin
1154 1220 1314 1293 intellectu,

320 1330 394 1390 ergo
425 1311 529 1367 melius
560 1310 588 1365 in
612 1310 702 1365 corde
721 1309 818 1385 posita
839 1321 965 1384 prosunt
987 1328 1074 1385 quam
1099 1308 1179 1365 circa
1202 1309 1315 1367 collum

320 1417 468 1475 suspensa.
1328 1420 1356 1454 ιιι

364 1486 424 1541 Alii
445 1496 541 1541 autem
573 1485 622 1557 qui
643 1484 808 1540 sanctiores
830 1501 862 1539 se
884 1483 1039 1539 ostendere
1062 1483 1172 1556 uoluunt,
1192 1494 1315 1559 partem

319 1572 442 1651 fimbrie
463 1582 514 1627 aut
538 1572 711 1647 capiliorum
734 1588 854 1625 suorum
879 1570 1005 1646 alligant
1027 1580 1054 1626 et
1069 1570 1259 1646 suspendunt.
1290 1570 1317 1627 0

321 1662 453 1738 impietas
477 1659 617 1714 truciorem
641 1657 824 1715 sanctitatem
849 1658 877 1711 in
894 1656 952 1713 suis
970 1658 1144 1714 uestimentis
1160 1658 1318 1715 ostendere

322 1749 449 1804 uolentes
471 1765 557 1823 quam
583 1747 610 1800 in
627 1762 752 1820 corpore
779 1744 899 1810 Christi,
923 1756 954 1799 nt
968 1745 1019 1819 qui
1033 1762 1140 1820 corpus
1156 1745 1217 1800 eius
1232 1764 1317 1801 man·

322 1836 433 1891 ducans
455 1845 575 1890 sanatus
591 1851 646 1888 non
663 1832 773 1905 suerit,
787 1831 910 1907 flntlrrie
933 1832 993 1888 eins
1014 1832 1167 1889 sanctitate
1181 1832 1357 1891 saluetur15

327 1934 358 1979 ut
382 1923 540 1997 desperans
564 1921 599 1974 de
622 1919 824 1976 misericordia
864 1919 921 1974 tm·
942 1918 1069 1995 confidat
1093 1919 1121 1974 in
1145 1918 1317 1977 uestimento

327 2009 461 2065 leontinis.
486 2008 524 2063 Et
548 2007 617 2082 quid
639 2006 772 2061 Paulus?
794 2006 860 2060 Nou
885 2006 973 2061 dabat
996 2006 1118 2061 sudaria
1141 2023 1195 2061 sua
1218 2017 1246 2061 ct
1268 2026 1316 2063 sc·

326 2096 466 2155 micincia.
487 2092 492 2175 Ι
513 2105 543 2150 ut
573 2094 761 2149 salvarentur
784 2093 915 2169 infirmit>
946 2092 1048 2148 liciam
1073 2104 1226 2167 antequam
1257 2093 1320 2151 Dei
1344 2098 1400 2165 seni*

326 2183 431 2240 noticia
455 2183 483 2237 in
507 2181 668 2237 liotninilms
692 2190 774 2244 esset,
808 2180 889 2235 racio
913 2192 977 2235 erat
1000 2190 1032 2234 ut
1051 2198 1108 2254 per
1129 2180 1317 2237 sanctitatem

326 2270 472 2326 leontinum
497 2268 555 2324 Dei
573 2268 707 2343 potencia
731 2278 976 2343 cogitosceretur,·
998 2285 1073 2322 mmc
1088 2277 1183 2322 antem
1200 2266 1363 2327 insaniam

325 2370 375 2415 est.
402 2358 478 2413 Nam
499 2366 653 2432 postquam
672 2355 729 2411 Ilei
746 2354 909 2428 potenciam
934 2354 1168 2431 cognoverimus,
1190 2354 1232 2409 ad
1247 2355 1320 2431 qnid

326 2444 520 2502 ›iecessarium
536 2453 579 2499 est
596 2454 625 2497 ut
642 2442 788 2497 iiotninmn
803 2441 966 2515 potenciam
986 2441 1221 2518 cognoscamus?
1236 2442 1318 2499 Nam

326 2533 374 2608 qui
405 2530 598 2588 necessarium
633 2548 687 2585 non
711 2529 795 2584 liabet
824 2540 854 2583 nt
878 2528 972 2583 Iteum
996 2529 1129 2585 ostendat
1149 2545 1207 2604 per
1227 2548 1317 2587 suam

325 2620 505 2677 sanctitatem
534 2629 561 2673 et
584 2618 638 2673 ltoc
653 2616 742 2692 facit,
764 2616 826 2671 siue
849 2615 934 2671 dicbio
950 2616 1076 2690 festinat
1098 2633 1130 2671 se
1152 2616 1319 2683 ostendere,

327 2727 382 2764 uon
407 2704 514 2765 Demn.
1330 2714 1364 2765 25

372 2794 454 2850 Alius
485 2803 581 2848 autem
614 2791 655 2846 sic
687 2790 900 2865 interpretatur
924 2790 998 2845 iumc
1022 2790 1134 2846 locum:
1161 2789 1238 2857 Quia
1258 2810 1321 2866 per

326 2880 555 2949 obsertraciones,
587 2877 686 2953 inquit,
720 2875 832 2931 dierum
858 2876 981 2932 dilatam
1009 2877 1098 2932 uerba
1121 2894 1185 2946 sua,
1207 2876 1240 2933 id
1261 2890 1320 2947 est,

327 2967 501 3047 phylateria
526 2966 684 3025 emendum
704 2964 814 3039 populo
838 2981 871 3018 ca
884 2964 1072 3039 predicantes
1094 2964 1211 3020 assidue
1233 2968 1323 3039 quasi

328 3054 546 3111 conservatoria
584 3052 687 3109 ,salutis
726 3069 837 3117 eorum,
881 3051 982 3125 quales
1018 3062 1103 3107 erant
1141 3051 1176 3107 de
1213 3050 1321 3126 quibus

332 3142 467 3197 (iliristus
499 3140 591 3196 dixit:
623 3140 689 3194 Siue
712 3156 800 3195 causa
834 3149 929 3194 autem
963 3138 1061 3194 colunt
1092 3156 1147 3207 me,
1180 3138 1322 3199 docentes
1333 3152 1368 3205 30

330 3229 478 3286 doctrinas
509 3238 535 3283 et
569 3227 706 3281 mandata
740 3226 897 3284 horttinum.
931 3225 1080 3281 Fimbrias
1111 3236 1207 3281 autem
1231 3228 1321 3283 nesti·

330 3328 491 3373 mentorum
527 3313 731 3391 magnificatus
763 3313 832 3368 dicit
860 3312 1125 3388 supereminencias
1156 3314 1320 3371 eorundem

329 3404 534 3459 mandatorum
551 3401 763 3477 triagnijicatas.
793 3400 916 3468 Quando
932 3400 1006 3455 enim
1028 3418 1084 3475 per
1100 3399 1233 3456 ntinimas
1248 3400 1322 3459 ilias

329 3502 356 3547 et
392 3489 557 3566 superfluas
589 3488 808 3544 observaciones
839 3487 1017 3543 iusticiarum
1042 3505 1163 3543 suarum
1195 3486 1322 3545 laudant

330 3579 413 3653 quasi
436 3577 559 3634 euimias
587 3588 613 3631 et
638 3575 724 3630 ualde
746 3575 810 3631 lleo
831 3574 987 3650 placentes,
1003 3574 1143 3651 fimbrias
1166 3574 1320 3633 uestimen-
1334 3590 1369 3641 35

331 3677 427 3722 torum
450 3682 571 3721 suorum
596 3662 795 3740 rittignificant.
823 3664 885 3717 Hac
910 3661 1123 3718 Ctisostomus.

375 3755 415 3807 Ex
439 3752 496 3808 ista
520 3750 672 3807 sentencia
697 3748 785 3804 huius
809 3748 903 3805 sancti
927 3750 1016 3822 plane
1041 3762 1123 3822 patet
1151 3748 1232 3822 quod
1266 3767 1321 3807 cu-

331 3839 403 3915 pido
428 3853 455 3896 et
480 3857 555 3895 vana
572 3837 668 3911 gloria
685 3837 877 3892 sacerdotum
894 3849 937 3891 est
962 3854 1053 3893 causa
1077 3834 1174 3892 tocius
1197 3838 1320 3909 peccati

383 4140 404 4181 8.
420 4137 610 4191 (loddzsiguris
624 4136 692 4179 unde.
761 4137 792 4178 nj.
808 4134 896 4177 (loddz
912 4135 1046 4177 uestimento
1061 4134 1132 4175 deest.
1196 4134 1277 4176 1⁸.A:
1295 4142 1323 4179 ut

332 4192 409 4255 twice:
425 4192 454 4233 ib.
471 4192 504 4233 A:
520 4194 688 4252 etantequam,
717 4240 721 4248 ι
743 4199 773 4231 21.
789 4188 817 4230 lt:
833 4188 989 4279 aequanimus.
1058 4198 1089 4228 ιι.
1107 4186 1135 4228 lt:
1150 4196 1321 4239 agnoscamus.

332 4255 368 4299 29.
384 4243 473 4287 noda:
488 4244 575 4297 quatra.
630 4240 664 4294 37.
679 4242 701 4283 Α
716 4254 738 4283 ιιι
757 4252 843 4294 mitre:
858 4239 985 4283 ,oltanncn

390 4403 427 4453 ¹7·
448 4390 503 4436 Act.
523 4386 588 4448 xlx,
612 4399 648 4433 12.
704 4386 744 4435 31.
764 4383 853 4433 stauh.
872 4383 928 4442 XV,
946 4400 970 4449 o.
