3098 5130
161 513 230 560 cue.
243 508 305 579 m]
438 522 483 571 ue
503 522 740 572 luricunrsro
760 523 823 572 ern.
842 523 870 572 n.

163 679 347 737 nutriendas.
388 681 505 737 Sutlicit
538 682 617 738 enim
650 683 876 756 expergefacere
909 697 969 739 tam
1004 681 1145 739 affectum

164 788 253 841 quam
273 768 367 825 eciam
395 771 590 839 intellectum,
616 773 798 827 destruendo
823 773 941 827 hereses
965 787 992 828 et
1010 772 1147 826 docendo

163 856 382 929 pulcherrimas
399 871 489 931 atque
503 857 666 914 catholicas
683 859 831 915 veritates.
858 860 943 915 Unde
968 862 1146 915 erubescant

163 958 297 1000 recentes
322 944 445 1000 heretici
470 945 520 1019 qui
552 944 657 1001 dicunt
682 964 745 1002 esse
771 946 935 1002 hereticum
961 965 1144 1020 quemquam

137 1032 329 1087 §concedere
374 1033 454 1105 quod
490 1032 627 1088 Christus
660 1031 698 1087 sit
732 1033 851 1089 mobilis
886 1052 940 1106 per
973 1035 1030 1089 hoc
1064 1034 1146 1107 quod

163 1117 301 1174 Christus
326 1132 369 1174 est
394 1118 504 1185 deitas;
545 1119 587 1176 sic
621 1119 700 1175 enim
727 1120 918 1176 heresiarche
950 1119 1046 1176 nostri
1070 1133 1145 1175 tem-

165 1204 246 1278 poris
270 1205 410 1262 dixerunt
434 1208 514 1281 quod
540 1206 689 1280 scriptura
708 1225 792 1263 sacra
818 1220 846 1262 et
871 1207 1043 1280 specialiter
1059 1225 1146 1263 eran-

163 1291 272 1364 gelium
297 1294 443 1349 iohannis
468 1306 510 1350 est
535 1293 732 1367 impossihile.
772 1297 860 1350 lstam
891 1308 991 1350 autem
1017 1294 1144 1350 heresim

163 1393 299 1451 potenter
338 1382 496 1437 destruunt
535 1394 595 1437 tam
636 1380 708 1437 sides
741 1380 885 1452 evangelii
926 1401 1016 1455 quam
1050 1381 1145 1437 eciam

123 1467 346 1540 tohugustinus
371 1481 399 1522 et
435 1462 481 1533 t'ut
510 1467 624 1524 dictum
650 1482 693 1524 est
723 1468 830 1524 diffuse
854 1467 938 1542 alibi)
973 1481 1037 1524 tota
1061 1469 1146 1524 here-

163 1551 291 1610 t-icorum
309 1542 510 1627 s'dioticorum
529 1555 682 1612 sentencia
704 1568 763 1612 stat
787 1554 817 1611 in
842 1554 913 1611 isto:
939 1555 1007 1633 Ego
1030 1555 1147 1611 sinistre

162 1640 294 1719 intelligo
330 1659 444 1697 sensum
481 1643 627 1720 evangelii
657 1643 745 1698 aliter
779 1661 864 1717 quam
893 1642 1038 1711 deberem,
1072 1659 1146 1719 ergo

164 1727 249 1801 secio
273 1728 455 1805 evangelium
473 1746 533 1785 esse
549 1730 677 1803 salsum,
702 1731 793 1786 modo
817 1748 878 1804 quo
898 1728 993 1785 idiote
1017 1742 1146 1803 arguunt

162 1816 243 1887 quod
267 1817 378 1872 nedum
404 1814 518 1872 faciunt
542 1816 647 1885 solem,
672 1817 775 1873 lunam
801 1831 829 1873 et
854 1829 934 1873 astra
959 1829 1058 1873 cetera
1083 1834 1146 1872 esse

121 1899 236 1958 15lalsa
275 1904 327 1958 sed
356 1902 451 1959 eciam
486 1903 630 1960 deitatem
660 1904 731 1978 quia
766 1923 818 1978 per
851 1903 953 1960 omnia
983 1903 1039 1960 ista
1074 1903 1147 1959 false

164 1986 334 2063 intelligunt
359 2003 387 2045 et
411 1989 499 2046 aliter
524 2009 615 2064 quam
641 1992 795 2047 deberent.

207 2074 326 2132 Dictum
353 2089 396 2132 est
421 2091 522 2133 autem
553 2079 634 2151 quod
657 2077 768 2135 veritas
792 2075 965 2151 evangelica
990 2090 1033 2133 est
1058 2095 1145 2132 evan·
1169 2099 1243 2155 rivery
1259 2109 1309 2156 pm
1324 2101 1350 2143 of

162 2161 288 2234 gelium;
314 2162 423 2236 etipsa
447 2183 507 2219 non
526 2178 624 2238 potest
641 2163 793 2221 falsificari
817 2166 855 2220 ab
879 2163 979 2238 aliqua
996 2177 1144 2220 creatura.
1161 2153 1355 2248 ζξζὲὲξῦξξξιξέ

163 2249 308 2319 Quamvis
332 2264 433 2306 autem
470 2253 506 2306 de
540 2251 697 2308 codicibus
721 2251 758 2307 sit
782 2250 920 2307 fidelibus
945 2270 1037 2324 parra
1062 2268 1143 2315 cura,
1224 2264 1282 2299 true.

119 2356 151 2390 20
162 2347 264 2393 tamen
282 2339 517 2410 supponendum
544 2351 587 2394 est
613 2338 741 2395 fideliter
757 2340 838 2411 quod
864 2351 932 2393 sunt
954 2337 1015 2394 reri
1040 2355 1144 2393 secun-

162 2424 233 2479 dum
258 2442 327 2479 suas
352 2438 453 2497 partes
478 2425 620 2498 singulas
662 2428 733 2481 dum
759 2444 830 2482 sane
855 2424 964 2481 fuerint
989 2422 1143 2492 intellecti,

162 2509 232 2583 quia
265 2510 397 2584 quelibet
432 2531 500 2585 pars
532 2512 681 2585 scripture
705 2531 790 2569 sacre
821 2530 888 2568 cum
919 2511 991 2567 dicit
1015 2512 1143 2567 eandem

161 2595 319 2654 veritatem
344 2617 434 2672 quarn
454 2598 526 2654 dicit
550 2618 637 2655 suurn
664 2613 760 2655 totum
787 2599 982 2672 completum,
1008 2598 1076 2654 licet
1102 2597 1144 2651 in-

162 2685 313 2758 complete
330 2699 358 2740 et
375 2685 547 2758 parcialiter
565 2686 645 2743 dicat
661 2686 753 2756 illam,
772 2700 815 2743 est
832 2704 912 2759 vera,
929 2685 1006 2741 sicut
1023 2697 1143 2758 oportet

118 2779 247 2828 efisuum
275 2771 425 2845 integrum
445 2791 507 2828 esse
532 2792 644 2841 rerum,
670 2786 702 2829 ut
725 2772 815 2847 logici
840 2791 909 2829 vere
933 2772 1037 2828 dicunt
1063 2773 1142 2845 quod

162 2858 294 2932 quelibet
312 2877 382 2932 pars
399 2859 497 2916 istius:
524 2861 634 2916 ‘nullus
652 2863 743 2916 homo
761 2873 807 2916 est
824 2859 949 2927 asinus‚’
974 2859 1070 2916 eciam
1088 2858 1144 2913 ista

163 2963 231 3018 pars
255 2947 359 3002 ‘homo
376 2960 420 3002 est
444 2946 556 3003 asinus’
582 2961 625 3003 est
642 2966 710 3004 vera
728 2966 760 3004 ex
778 2948 834 3002 hoc
851 2949 931 3020 quod
949 2947 1045 3019 signat
1063 2944 1144 3019 prin-

162 3031 300 3105 cipaliter
323 3033 410 3089 istam
436 3033 610 3090 veritatem:
649 3035 756 3090 Nullus
781 3036 873 3089 homo
899 3047 942 3089 est
966 3034 1076 3102 asinus,
1102 3032 1143 3088 sic

162 3133 205 3175 est
229 3121 266 3175 de
290 3120 438 3194 scripture
462 3139 546 3177 sacre
570 3120 706 3194 partibus
730 3120 935 3178 senciendum.

119 3217 151 3266 30
207 3207 294 3263 Unde
318 3207 441 3281 quidam
468 3207 601 3280 theologi
627 3207 730 3263 dicunt
755 3209 834 3281 quod
859 3224 981 3263 necesse
999 3219 1042 3262 est
1059 3207 1144 3261 theo·
1174 3230 1340 3323 atheotoqtan

162 3292 263 3367 logum
289 3294 318 3350 in
344 3307 426 3351 recta
450 3294 557 3368 logica,
590 3295 782 3369 philosophia
806 3309 833 3351 et
859 3294 1053 3367 metaphisica
1080 3312 1143 3349 esse
1194 3283 1277 3325 11111111
1309 3296 1321 3324 1

1153 3335 1241 3377 trained
1259 3336 1281 3378 in
1293 3336 1361 3389 logie,

162 3378 341 3437 instructum
376 3395 405 3437 et
434 3385 515 3456 quod
541 3396 705 3456 cognoscat
737 3382 824 3438 istam
851 3381 1071 3456 quintuplicem
1097 3399 1142 3436 ar·
1154 3387 1353 3495 puppqppppyiqacne

163 3481 324 3539 maturam,
359 3469 458 3542 primo
492 3472 573 3544 quod
608 3481 770 3543 cognoscat
795 3467 974 3525 universalia
999 3487 1030 3524 ex
1057 3479 1141 3540 parte
1167 3492 1199 3534 Ηε
1214 3492 1285 3534 neers
1301 3504 1315 3534 1,
1332 3505 1344 3533 a

162 3554 218 3625 rei3
253 3569 281 3611 et
306 3575 358 3629 per
392 3558 448 3612 hoc
472 3571 572 3630 potest
597 3574 781 3629 cognoscere
805 3558 895 3611 rerba
919 3555 1015 3627 Moysi
1040 3554 1141 3609 locuta
1166 3544 1345 3639 Ossltfllffigg'fsffi-g·

119 3642 198 3702 35de
221 3660 329 3715 genere
354 3656 381 3699 et
406 3645 514 3717 specie,
551 3658 578 3700 et
604 3663 664 3699 non
687 3657 808 3717 oportet
832 3661 900 3698 eum
927 3643 1017 3697 modo
1041 3640 1141 3713 sophi·
1341 3630 1346 3647 ’

161 3742 275 3785 starum
302 3749 355 3802 per
378 3731 637 3804 anteposicionem
663 3744 690 3786 et
715 3729 970 3804 postposicionem
997 3727 1143 3785 terminos

161 3833 327 3873 camerare.
361 3819 501 3874 Secundo
526 3832 690 3891 cognoscat
718 3818 882 3874 secundum
910 3830 1022 3872 rectam
1050 3827 1143 3869 meta-

161 3902 307 3977 phisicam
334 3905 414 3960 scole
436 3905 546 3960 Christi
572 3904 726 3961 veritatem
753 3906 788 3960 de
813 3903 961 3977 quiditate
979 3901 1141 3975 temporis}

211 4151 233 4193 o.
249 4153 281 4193 A:
298 4151 357 4193 euim
372 4152 443 4193 deest.
526 4150 559 4192 lo.
576 4153 594 4192 Α
611 4150 633 4191 in
650 4162 735 4201 mare:
752 4148 811 4191 Nota
827 4150 855 4191 dr·
869 4149 1009 4203 quintuplici
1021 4151 1143 4189 armature

158 4205 330 4255 theologorum.
398 4203 430 4246 32*
447 4204 463 4245 lt
478 4206 500 4246 iu
517 4216 603 4257 mure:
620 4202 690 4245 Notes
704 4203 868 4256 quintuplicem
883 4213 934 4242 orm
951 4232 956 4242 .
973 4233 977 4241 .
995 4234 998 4241 .
1059 4198 1090 4243 32.
1109 4202 1144 4241 A:

158 4257 310 4310 quintilium
325 4255 353 4298 lt:
368 4256 532 4310 quintiplt'cem.
587 4253 618 4297 32³,
634 4257 656 4298 Α
672 4256 693 4296 in
711 4266 796 4307 mare:
814 4266 830 4294 t.

213 4385 253 4443 37.
272 4396 427 4442 camerare‚·
454 4383 469 4429 i.
494 4397 516 4431 e.
536 4382 690 4446 ponderare,
719 4395 762 4428 see
786 4379 870 4427 ebore
894 4394 952 4442 pag.
981 4375 1035 4436 triti,
1060 4377 1077 4424 l.
1106 4392 1143 4436 10,

159 4454 301 4503 Sermones
320 4453 362 4513 IV,
382 4467 441 4517 pag.
460 4451 502 4514 45,
521 4453 538 4500 l.
560 4466 600 4515 27.
