3098 5130
600 472 689 522 orus
708 471 960 523 rvrnontrcun
980 451 1047 522 nn}
1063 472 1104 521 ru.
1221 454 1302 537 [car.
1317 466 1343 510 r..

360 631 490 706 speciale
522 630 691 687 remedium
724 630 756 687 in
788 631 844 688 ista
875 630 1002 688 materia
1036 631 1111 688 foret
1144 630 1344 688 christianum

359 731 439 775 stare
462 717 494 774 in
516 717 662 775 limitibus
686 717 755 775 fidei
779 732 808 774 et
832 731 991 793 acceptare
1012 717 1072 775 alia
1094 731 1250 792 tamquam
1276 736 1345 793 pro-

360 804 471 862 babilia
496 806 541 862 vel
558 804 723 879 opinabilia
748 804 824 862 citra
848 805 936 862 fidem
954 807 1120 862 secundum
1145 806 1256 879 gradus
1280 805 1347 880 qui·

361 895 415 950 bus
438 892 588 967 scriptura
621 907 649 949 et
674 892 757 949 racio
782 894 820 949 ad
845 893 900 949 hec
925 905 1056 969 movent,
1091 905 1124 949 ut
1147 911 1208 949 non
1233 892 1347 967 petitur

360 980 442 1056 quod
467 979 523 1037 ista
547 979 698 1054 exposicio
715 978 803 1036 huius
827 979 970 1054 evangelii
996 979 1034 1036 sit
1058 978 1172 1036 credita
1188 987 1372 1056 tamquamb

360 1067 448 1136 fides3
473 1068 525 1124 sed
549 1067 573 1122 si
597 1067 681 1123 racio
701 1067 747 1123 vel
770 1067 920 1142 scriptura
945 1065 1128 1138 consenciat,
1153 1080 1225 1124 tunc
1248 1081 1347 1142 potest

360 1156 417 1212 hoc
440 1152 609 1228 percipiens
637 1154 708 1211 huic
740 1155 884 1212 adherere
916 1167 1073 1228 tamquam
1097 1154 1247 1227 probabili
1272 1154 1347 1211 citra

361 1241 461 1298 fidem.
486 1244 523 1297 Et
539 1243 576 1297 ab
599 1241 767 1315 Augustino
792 1241 953 1297 didicimus
978 1241 1067 1298 istam
1085 1242 1209 1298 scolam.
1235 1242 1347 1312 Quales

360 1347 431 1402 ergo
454 1341 525 1384 sunt
556 1346 686 1402 persone
711 1328 806 1402 magis
839 1327 1007 1403 peccabiles
1031 1346 1089 1403 que
1113 1330 1150 1385 de
1174 1327 1263 1385 dictis
1286 1329 1347 1386 suis

146 1423 349 1485 Weareaccused
360 1415 521 1473 vendicant
545 1416 612 1490 plus
636 1434 727 1490 quam
757 1415 856 1472 istud?
885 1418 922 1472 Et
945 1434 999 1491 per
1022 1415 1101 1472 istud
1126 1428 1209 1490 patet
1232 1415 1348 1473 solucio
1363 1437 1394 1470 ιο

162 1477 334 1584 ilaliyli’lnliye
361 1502 553 1577 arguciarum
571 1502 694 1562 diaboli.
716 1502 824 1576 Arguit
845 1502 923 1559 enim
947 1516 1053 1560 contra
1077 1521 1132 1560 nos
1149 1505 1231 1577 quod
1255 1502 1348 1560 nichil

154 1582 244 1624 b¹⁰⁸⁸⁰<¹
262 1581 340 1635 bread,
361 1589 504 1665 ponimus
528 1592 565 1646 de
589 1589 687 1647 hostia
705 1603 891 1660 consecrata,
915 1589 973 1646 nisi
990 1591 1072 1664 quod
1089 1603 1133 1646 est
1155 1588 1242 1665 panis
1260 1592 1348 1647 bene-

361 1676 470 1748 dictus,
503 1676 580 1733 sicut
613 1676 835 1733 benedicuntur
866 1695 960 1751 panes
992 1677 1023 1733 in
1047 1676 1153 1733 diebus
1177 1676 1347 1734 dominicis.

361 1764 420 1821 Sed
449 1763 617 1821 consideret
645 1763 713 1820 talis
736 1764 860 1838 ignarus
884 1763 1049 1838 discipulus
1065 1762 1242 1821 Antichristi
1265 1767 1347 1839 quod

362 1869 472 1925 magna
489 1851 617 1908 latitudo
641 1864 685 1908 est
708 1851 786 1907 inter
806 1850 1051 1908 benediccionem
1077 1870 1137 1926 qua
1153 1850 1267 1909 Christi
1292 1851 1347 1909 mi·
1363 1856 1392 1906 15

361 1937 453 1995 nister
486 1936 638 1995 benedicit
666 1938 766 1996 taliter
789 1951 1014 1996 sacramentum
1048 1951 1076 1995 et
1101 1937 1348 1996 benediccionem

361 2024 503 2083 usitatam
529 2026 634 2082 diebus
658 2024 819 2082 dominicis
843 2045 933 2100 super
957 2044 1066 2100 panem
1090 2026 1136 2082 vel
1159 2025 1349 2084 benediccio-

361 2131 429 2170 nem
455 2131 544 2189 super
560 2113 685 2183 fructus,
710 2131 817 2170 carnes
840 2115 887 2170 vel
911 2112 1158 2170 benediccionem
1176 2132 1349 2187 armorum3

362 2199 457 2257 etsie
490 2202 526 2257 de
550 2199 815 2258 benediccionibus
848 2199 915 2257 aliis
939 2214 1040 2274 preter
1069 2199 1264 2258 autoritatem
1289 2206 1349 2259 Do·

153 2310 345 2354 parceremoniat
363 2287 437 2343 mini
468 2288 514 2344 vel
543 2288 691 2362 scripture
721 2287 816 2345 eciam
842 2289 880 2344 ab
909 2287 1058 2362 episcopis
1086 2287 1280 2358 introductis3
1320 2303 1348 2345 et
1361 2315 1394 2348 20

165 2364 325 2406 b⁰⁰²⁶l⁰¹¹⁰l⁸
362 2374 405 2431 sic
422 2375 656 2432 consuetudines
672 2375 822 2431 factorum
845 2374 999 2450 papalium
1025 2393 1083 2449 que
1106 2394 1168 2431 non
1184 2376 1350 2432 fundantur

158 2427 338 2529 diflerreerltermm
363 2461 470 2519 infide
493 2461 642 2536 scripture
658 2463 695 2519 de
718 2461 900 2519 seduccione
921 2461 1045 2518 ecclesie
1067 2461 1265 2536 probabiliter
1281 2476 1350 2519 sunt

151 2520 346 2625 pliioilliifflm
363 2562 511 2622 suspecte,
544 2563 577 2605 ut
601 2562 684 2624 patet
708 2550 744 2605 de
773 2548 1028 2619 absolucionibus,
1068 2548 1277 2623 indulgenciis,
1303 2568 1350 2607 ex-

157 2625 339 2721 ‘lpssv'ffifssiffllsll
363 2635 696 2694 communicacionibus
720 2649 749 2692 et
772 2636 839 2693 aliis
863 2635 1042 2710 privilegiis3
1066 2655 1170 2710 ymmo
1194 2636 1350 2711 probabile

192 2723 306 2773 ininistcr-
363 2736 406 2780 est
440 2725 521 2799 quod
555 2723 682 2781 collacio
716 2723 933 2780 beneficiorum
968 2724 997 2779 in
1023 2723 1123 2798 regnis
1156 2723 1263 2780 exteris
1296 2723 1394 2783 sui125

363 2829 441 2886 pape
464 2829 498 2867 ex
522 2811 641 2868 cautela
666 2810 779 2867 diaboli
803 2810 944 2881 limitata,
977 2811 1049 2885 quia
1084 2810 1128 2868 sic
1151 2823 1252 2884 posset
1285 2811 1350 2867 dia-

363 2899 450 2954 bolus
474 2897 646 2955 evidencius
681 2915 751 2954 suos
775 2911 989 2971 procuratores
1020 2898 1049 2954 in
1074 2897 1232 2954 ecclesiam
1256 2897 1351 2955 intro·

363 2986 472 3042 ducere
496 2998 528 3041 ut
552 2998 681 3041 curatos.

774 3169 880 3234 CAP.
904 3172 942 3235 L.

405 3315 549 3391 Sequitur
572 3315 602 3371 in
626 3327 708 3372 textu
732 3314 872 3374 Matthei:
907 3316 945 3372 Ve
968 3327 1063 3372 autem
1085 3317 1300 3393 pregnantibus
1323 3327 1350 3372 et
1361 3326 1394 3376 30

362 3403 553 3459 nutrientibus
575 3403 603 3458 in
620 3403 719 3459 diebus
742 3402 809 3458 illis.
839 3402 931 3459 Orate
954 3413 1098 3459 autemut
1121 3422 1176 3460 non
1191 3403 1250 3480 fiat
1266 3404 1349 3482 suga

195 3512 298 3557 terame:
362 3502 460 3548 uestra
492 3491 586 3547 bieme
618 3490 664 3547 rel
694 3490 823 3546 sabbato.
858 3491 955 3564 Super
983 3509 1044 3565 quo
1075 3491 1267 3564 leronymus:
1314 3491 1351 3547 Ve

143 3566 231 3611 'Tm‘
246 3567 299 3609 wno
313 3578 352 3609 “⁰
363 3576 460 3652 inquit
492 3578 551 3634 illis
581 3577 735 3633 animabus
766 3594 821 3651 qne
843 3595 898 3632 non
931 3578 958 3633 in
983 3579 1078 3634 uirum
1108 3578 1273 3653 perfectum
1296 3597 1349 3634 sua

175 3621 179 3628 -
255 3619 259 3626 -
288 3619 294 3639 2

145 3620 211 3714 iiiiii
223 3619 498 3743 lllllnliigermtaa
517 3664 727 3741 produxerunt
749 3664 801 3720 sed
817 3663 901 3720 inicia
918 3665 1022 3721 babent
1036 3665 1113 3742 fidei
1135 3676 1166 3721 ut
1191 3666 1351 3721 nutricione

186 3725 241 3779 only
257 3724 295 3766 the
367 3752 373 3765 .
418 3753 424 3765 .
620 3751 625 3763 .
1050 3752 1081 3763 ..
1327 3752 1332 3763 .
1380 3761 1388 3771 ‚

165 3777 335 3819 nratmenrsot
362 3754 513 3831 indigeant
541 3762 766 3830 magistrorum.
805 3749 872 3806 Hoc
894 3762 989 3808 autem
1024 3752 1079 3808 dict
1104 3762 1200 3828 potest
1223 3753 1300 3828 quod
1322 3761 1391 3811 ntssn

217 3830 281 3872 nnn.
359 3840 565 3915 persecuciane
608 3837 781 3895 Antichristi
813 3855 863 3893 seu
893 3839 1025 3896 Romane
1052 3839 1230 3915 captivitatis
1258 3857 1349 3917 preg-

362 3938 464 3983 nantes
486 3938 513 3984 et
536 3926 695 3983 nutrientes
724 3924 802 3980 uteri
828 3936 855 3981 et
868 3924 1005 4001 filiorum
1029 3927 1146 3983 sarcina
1166 3937 1350 4005 pregravate

363 4015 530 4090 expeditum
551 4014 663 4091 sugam
689 4012 798 4068 babere
821 4012 1017 4087 nequiverunt.

414 4261 449 4303 aa.
465 4251 499 4293 A:
512 4250 656 4307 privilegiis.
725 4261 761 4304 29.
777 4253 811 4293 A:
829 4250 885 4306 Cap.
901 4249 980 4293 ΧΗΧ.
997 4250 1026 4292 tt:
1045 4251 1084 4293 bo.
1136 4246 1168 4291 32.
1185 4249 1206 4291 Α
1220 4248 1243 4290 in
1261 4258 1347 4301 murg.:

360 4303 506 4359 leronymus.
763 4348 764 4351 Ἴ

416 4413 456 4463 30.
477 4410 565 4459 Manli.
587 4411 676 4471 ΧΧΝ,
700 4427 736 4478 ro,
758 4426 798 4460 ao.
836 4413 875 4464 32.
888 4411 992 4461 Comm.
1006 4412 1031 4459 in
1048 4408 1138 4460 Matth.
1153 4409 1169 4458 1.
1184 4424 1205 4459 c.
1216 4423 1275 4473 pag.
1293 4407 1348 4474 ¹95·
