3098 5130
203 471 271 517 cn».
286 461 381 544 xus]
485 481 529 529 nv:
550 457 785 533 anrrcnnrsro
807 484 871 533 ura.
890 485 907 534 1.
1347 477 1399 533 181

202 637 287 694 venie
304 657 371 694 curn
385 639 452 695 aliis
469 640 721 714 promissionibus
744 642 972 700 infundabiliter
988 645 1188 719 repromissis.
1208 657 1358 702 Uselessness
1373 663 1399 703 ov·

203 729 278 781 Nam
305 724 379 783 fides
396 727 483 784 docet
506 730 588 802 quod
613 728 820 804 unusquisque
848 749 924 787 onus
950 749 1038 788 suum
1056 733 1189 806 portabit
1250 713 1361 764 paraons.

202 825 231 868 et
255 826 286 868 ut
312 813 455 870 meruerit
470 816 516 870 vel
539 815 722 872 demeruerit
745 815 945 890 premiabitur
961 819 1007 875 vel
1031 819 1189 876 adomino

202 898 358 972 punietur;
391 920 446 958 nec
475 915 573 975 potest
601 902 804 961 Antichristus
832 905 878 960 vel
906 906 1031 978 angelus
1062 907 1099 962 de
1123 908 1188 963 celo

177 988 376 1043 5subvertere
400 988 488 1045 istam
514 988 615 1045 fidem.

246 1075 281 1128 Et
305 1072 328 1128 si
353 1073 408 1130 iste
432 1088 493 1132 tres
525 1089 626 1150 partes
659 1075 783 1134 ecclesie
807 1077 837 1133 in
871 1078 926 1135 hac
957 1077 1015 1136 fide
1039 1079 1189 1137 catholica
1220 1091 1378 1137 Thechurcu

202 1160 392 1216 constancius
421 1161 480 1218 sint
512 1162 667 1233 instructe‚
702 1164 779 1220 foret
803 1165 936 1221 medium
972 1166 1124 1223 sufficiens
1148 1168 1187 1223 ad
1198 1146 1403 1254 „Jflffl'folilgpc

201 1247 366 1303 tollendum
385 1249 463 1306 hanc
480 1248 637 1323 perfidiam
655 1249 848 1321 Antichristi;
872 1270 927 1309 nec
951 1253 1049 1308 solum
1067 1252 1096 1309 in
1122 1271 1188 1328 per·
1237 1250 1282 1292 and
1298 1257 1366 1304 8θεῖε,

201 1352 305 1390 sonam
332 1354 409 1410 pape
440 1339 493 1393 sed
521 1335 551 1393 in
581 1338 633 1393 has
656 1350 788 1411 quatuor
810 1352 907 1395 sectas
929 1338 985 1395 sibi
1009 1340 1188 1396 adherentes

162 1418 232 1476 toin
256 1421 366 1495 quibus
389 1436 448 1479 stat
476 1423 553 1481 sicut
581 1437 756 1499 tetragonus
786 1426 896 1482 debent
924 1427 979 1482 hee
1003 1439 1063 1484 tres
1087 1441 1188 1501 partes

201 1508 327 1565 ecclesie
356 1529 444 1583 agere
477 1513 643 1583 moderate,
676 1531 738 1568 non
762 1512 830 1570 dico
864 1513 1031 1570 occidendo
1054 1515 1099 1571 vel
1124 1533 1188 1571 cor·

202 1596 343 1668 poraliter
356 1600 566 1672 persequendo
576 1600 628 1655 sed
646 1599 801 1656 caritative
817 1601 991 1675 corporales
1009 1600 1188 1658 elemosinas

200 1684 407 1741 subtrahendo
435 1699 464 1741 et
495 1686 761 1743 fundamentaliter
784 1689 902 1760 agendo
924 1687 1050 1744 viriliter
1078 1687 1108 1743 in
1132 1689 1189 1745 hac

201 1788 292 1827 causa
316 1772 404 1828 debet
428 1790 492 1829 esse
516 1772 589 1829 fides
606 1774 847 1831 conversacionis
871 1774 982 1832 Christi
1007 1788 1035 1831 et
1059 1775 1188 1850 octiplex

163 1857 332 1930 ¹5perfidia⁴
345 1858 471 1915 recitata
496 1860 583 1916 huius
601 1860 722 1934 reprobi
747 1862 902 1936 fugienda3
927 1862 1036 1936 quibus
1060 1863 1188 1937 cognitis

201 1963 261 1999 non
291 1946 462 2019 depalliatis
492 1947 625 2003 censuris
653 1948 699 2004 vel
728 1948 794 2004 aliis
822 1949 1081 2006 succrescentibus
1111 1950 1189 2024 peri-

202 2032 275 2087 culis
300 2033 438 2090 fidelibus
462 2033 698 2093 formidandum.

245 2121 371 2176 Constat
405 2134 506 2177 tamen
540 2139 573 2177 ex
597 2121 778 2195 antiquitate
809 2123 924 2196 peccati
949 2123 1036 2180 tracti
1062 2123 1092 2179 in
1117 2143 1187 2181 cou—
1216 2137 1270 2179 who
1285 2137 1342 2179 have
1357 2150 1387 2180 no

201 2207 390 2264 suetudinem
414 2210 495 2282 quod
520 2208 575 2264 iste
599 2209 701 2282 refuga
727 2210 815 2266 habet
834 2210 944 2265 multos
968 2223 1187 2267 consentaneos
1211 2189 1386 2294 δ”ξξξξῇξξζζω

159 2307 190 2340 20
201 2307 229 2348 et
255 2307 452 2368 procurantes
469 2296 507 2350 ad
531 2314 618 2351 suum
637 2294 752 2352 facinus
769 2310 993 2369 promoventes.
1017 2299 1186 2353 Sedunum

201 2381 345 2438 solacium
373 2381 506 2438 fidelium
524 2396 583 2438 stat
608 2382 638 2437 in
662 2382 721 2438 isto
738 2384 817 2456 quod
835 2401 941 2439 omnes
959 2384 1188 2440 consencientes

202 2468 269 2525 huic
294 2470 396 2542 refuge
412 2488 472 2526 non
498 2483 625 2543 possunt
642 2469 774 2525 invenire
798 2488 889 2526 unam
906 2469 1051 2526 sintillam
1076 2470 1187 2527 coloris

201 2553 229 2609 in
255 2556 313 2612 fide
336 2556 483 2630 scripture
507 2558 588 2630 quod
614 2557 667 2612 hec
691 2554 765 2612 dicit
791 2555 949 2618 Dominus.
982 2559 1063 2631 quod
1087 2558 1188 2614 taliter

200 2654 243 2698 est
267 2646 429 2717 agendum,
463 2656 494 2699 ut
518 2656 600 2717 patet
628 2645 665 2699 de
688 2656 768 2700 secta
793 2643 1046 2701 Mendicancium.
1085 2647 1122 2700 Et
1146 2644 1187 2701 ita

159 2729 354 2786 aievidenter
377 2731 414 2786 de
438 2729 504 2786 aliis
529 2730 625 2787 tribus
649 2729 747 2787 sectis.

244 2820 276 2872 ln
300 2830 363 2874 tota
389 2817 446 2873 ista
476 2816 603 2874 materia
621 2819 710 2874 debet
732 2815 827 2872 fidelis
847 2816 1039 2873 considerare
1059 2816 1187 2873 sollicite
1225 2827 1276 2872 The
1290 2829 1373 2875 devils

200 2907 282 2977 quod
303 2905 533 2960 fundamentum
545 2906 653 2961 domus
664 2902 830 2978 spiritualis
843 2903 974 2959 hominis
991 2904 1098 2960 debeat
1122 2921 1185 2960 esse
1210 2887 1388 2988 ςῖῗῐᾝῑῗῃξῇ,

202 2991 274 3047 fides
291 3005 320 3047 et
337 2993 418 3066 quod
435 2989 573 3048 diabolus
589 3009 643 3065 per
660 2991 741 3047 mille
755 2991 916 3046 meandros
931 2990 1037 3046 nititur
1053 2991 1110 3047 hoc
1121 2991 1185 3047 fun-

201 3078 376 3135 damentum
388 3077 476 3135 huius
487 3080 596 3135 domus
606 3079 761 3135 destruere
771 3090 800 3134 et
811 3076 962 3152 paulative
972 3076 1059 3152 quasi
1070 3077 1185 3152 lapides

159 3172 190 3220 30
202 3165 289 3221 huius
305 3164 493 3222 fundamenti
511 3165 603 3222 diruit
616 3179 645 3222 et
661 3165 720 3222 alia
736 3164 852 3221 lubrica
863 3183 898 3222 ac
913 3164 1034 3238 putrida
1046 3164 1184 3239 imponit.

246 3256 281 3308 Et
306 3254 397 3308 modo
422 3252 540 3327 capitur
556 3266 588 3309 ut
613 3251 696 3320 fides,
721 3251 745 3308 si
770 3251 867 3308 maior
891 3269 960 3325 pars
984 3251 1182 3308 cardinalium
1215 3261 1284 3357 llaq
1299 3263 1384 3332 believe

201 3340 350 3396 consentit
374 3339 404 3396 in
428 3339 610 3396 eleccionem
635 3338 721 3396 istius
744 3357 832 3414 pape,
861 3351 933 3395 tunc
956 3338 1020 3412 ipse
1049 3353 1092 3395 est
1116 3314 1393 3413 pro-”Jffir‘dfsissffid⁵

200 3426 296 3483 ximus
320 3426 448 3484 vicarius
472 3426 501 3482 in
527 3427 614 3483 terris
642 3439 670 3483 et
694 3444 804 3500 sequax
837 3424 953 3482 domini
976 3429 1045 3482 Jesu
1062 3425 1184 3483 Christi.
1196 3418 1400 3514 Mtfffeoelgs‘ddffl

104 3521 168 3580 425²
201 3516 341 3570 Secundo
364 3514 387 3570 si
422 3512 485 3588 ipse
509 3513 671 3588 quicquam
693 3507 697 3592 Ι
718 3511 879 3582 definierit,
918 3524 989 3569 tunc
1028 3512 1127 3586 ipsum
1153 3525 1186 3569 ut
1279 3484 1293 3525 Β
1325 3484 1368 3526 p'

159 3600 389 3675 35cvangelium
415 3614 459 3656 est
475 3602 670 3659 credendum.
694 3603 731 3656 Et
755 3618 789 3656 ex
812 3598 877 3656 istis
894 3600 1043 3673 pullulant
1067 3600 1185 3656 hereses

202 3687 327 3760 infinite,
357 3687 428 3762 quia
456 3686 499 3743 sic
529 3700 592 3745 tota
617 3687 692 3743 fides
716 3686 866 3760 scripture
891 3704 944 3761 per
967 3704 1087 3742 sensum
1111 3685 1184 3743 sini-

200 3789 294 3830 strum
331 3775 386 3831 sibi
415 3773 590 3849 impositum
615 3787 716 3849 posset
739 3773 853 3830 destrui
876 3772 1039 3847 paulative,
1069 3785 1097 3829 et
1121 3786 1185 3829 tota

201 3861 361 3920 credulitas
384 3860 534 3919 viancium
559 3862 590 3918 in
613 3860 755 3935 operibus
779 3859 896 3917 virtutis
919 3858 1062 3916 virtuosis
1086 3873 1185 3934 posset

201 3948 352 4005 declinare
375 3950 413 4005 ad
437 3948 514 4006 vicia
538 3967 592 4023 per
615 3949 673 4005 hoc
696 3948 933 4005 instrumentum
958 3946 1081 4004 diaboli.
1115 3948 1185 4003 ldeo

197 4124 327 4231 militina:
343 4131 369 4168 u!
381 4125 465 4176 modo;
479 4125 510 4168 ib.
526 4124 586 4168 Ain
601 4136 688 4180 marg:
704 4135 722 4166 r.
790 4122 825 4177 34.
842 4125 863 4167 A
878 4125 901 4167 in
917 4135 1004 4179 marg:
1020 4135 1042 4167 2.
1101 4121 1137 4178 39.
1154 4123 1184 4166 B:

252 4267 327 4317 2-5.
347 4267 496 4317 Secundum
517 4267 635 4331 Apostol.
655 4266 712 4318 Gal.
731 4266 779 4315 Vl:
807 4266 879 4330 Opus
898 4281 974 4316 suam
990 4265 1087 4329 probet
1105 4280 1185 4317 unus-

200 4339 306 4402 quisque
325 4349 373 4387 etc.
402 4337 489 4397 Quam
514 4337 659 4386 doctrinam
679 4336 820 4386 Taboritse
843 4345 1004 4401 receperunt.
1031 4334 1085 4384 Cfr.
1104 4333 1185 4384 Chro-

200 4408 278 4455 nicon
297 4407 392 4455 Tabor.
413 4408 478 4472 Cap.
497 4407 588 4468 XXlV,
612 4422 650 4474 tp,
671 4421 712 4469 ao,
732 4406 811 4467 XXV,
829 4403 855 4454 8.
