3098 5130
172 450 323 534 cussus]
458 470 503 519 oc
525 470 761 519 uusuususso
783 471 845 518 ise.
866 472 883 519 s.

168 630 307 705 precipue
331 641 397 684 tunc
421 642 462 686 est
486 631 673 706 acceptabilis
695 631 812 706 quaudo
845 631 1031 700 necessitatis,
1056 644 1082 687 et
1106 652 1156 687 an·

170 718 267 795 gustie
303 728 416 793 tempus
448 729 506 777 est:
550 718 624 773 sicut
660 730 687 773 et
721 719 822 794 pluvia
855 736 971 792 semper
1002 720 1077 774 horta
1105 731 1157 790 est,

172 805 303 860 maxima
327 816 422 860 tamen
453 816 544 882 grata
569 816 610 860 est
634 816 763 881 tempore
790 805 937 877 siccitatis,
977 816 1004 860 et
1028 806 1157 863 visitacio

171 893 332 948 amicorum
360 910 476 968 semper
508 893 608 948 suavis
631 905 681 962 est,
721 893 811 948 tntilto
843 903 940 948 tamen
977 893 1097 949 suavior
1129 894 1156 948 iu

146 976 302 1055 iternpurc
326 980 427 1051 luctus,
452 981 494 1035 sic
518 980 651 1035 doctriua
668 991 695 1035 et
718 978 881 1036 consolacio
897 980 1060 1035 sacerdotis
1082 998 1156 1035 sem-

165 1086 224 1143 per
247 1077 410 1141 opportuna
434 1077 487 1137 est,
516 1067 646 1122 manime
669 1078 765 1122 tamen
789 1067 817 1121 in
841 1078 972 1142 tempore
991 1068 1155 1142 persecuci-

171 1155 240 1209 uuis.
282 1154 381 1209 Sciens
409 1173 483 1231 ergo
505 1153 590 1209 lesus
626 1166 743 1210 sanctos
775 1172 843 1210 suos
872 1155 933 1209 sinc
965 1155 1155 1229 temptacionc
1191 1164 1346 1226 Tin-priests

170 1260 314 1315 nunquam
325 1241 459 1315 suturos,
484 1241 548 1297 ideo
566 1241 657 1296 dixit:
681 1241 712 1295 ln
735 1253 867 1317 tempore
884 1252 1049 1316 opportuno
1056 1262 1065 1309 ;
1088 1242 1153 1315 quia
1178 1220 1359 1313 ῐζῗξῗέέἑζῐξῖ“

169 1329 218 1404 qui
240 1346 356 1402 semper
372 1339 500 1405 egrotat,
523 1345 640 1403 semper
663 1329 707 1382 illi
729 1347 780 1383 ars
797 1329 901 1384 medici
923 1339 1086 1404 opportuna
1112 1329 1152 1383 vi-
1207 1323 1336 1418 eiiiiuiiiin

132 1417 264 1471 ¹0detur.
306 1416 381 1470 Nam
424 1415 497 1471 sicut
538 1415 620 1470 navis
657 1426 725 1471 tunc
754 1416 894 1491 precipue
925 1417 1153 1493 gubernatorem
1191 1386 1205 1428 p
1245 1394 1257 1418 ι
1340 1408 1345 1417 ’

171 1502 363 1558 necessarium
390 1503 483 1574 ltabet,
516 1503 631 1576 quaudo
659 1513 828 1578 tempestate
854 1503 993 1577 quatitur,
1039 1503 1154 1577 quando

170 1601 264 1644 aretem
288 1591 389 1646 sedata
413 1601 464 1660 est,
487 1589 549 1663 ipsa
574 1606 604 1644 se
627 1589 747 1666 dirigit;
775 1602 801 1646 et
824 1591 906 1646 miles
930 1601 996 1646 tunc
1017 1590 1156 1665 precipue

170 1678 362 1733 necessariam
387 1677 472 1732 ltobet
494 1694 638 1731 annonam
672 1678 707 1731 de
735 1695 816 1754 rege,
845 1678 960 1752 quando
989 1677 1153 1752 periculum

170 1765 238 1819 belli
265 1765 361 1834 instat,
400 1764 515 1838 quaudo
543 1774 639 1819 autem
668 1782 734 1839 pax
765 1775 817 1835 cst,
846 1765 1003 1839 ubicunque
1031 1775 1154 1838 possunt

132 1849 276 1906 sinittites
301 1862 465 1907 sustentare
492 1868 537 1919 se;
567 1851 610 1906 sic
639 1862 665 1907 et
685 1852 825 1927 precipue
852 1853 879 1906 iu
903 1865 1034 1927 tempore
1053 1870 1152 1926 perse·

170 1939 294 1994 cucionis
318 1938 437 1994 ecclesie
459 1938 622 1993 doctrinam
646 1939 808 1995 sacerdotis
832 1939 1026 1995 necessariam
1051 1939 1154 1994 liabent

169 2026 336 2100 spirituales
359 2025 465 2080 milites
481 2026 564 2098 quasi
585 2026 767 2100 spiritualem
784 2044 939 2097 annonam,
963 2027 1078 2100 quando
1101 2044 1152 2080 au-

170 2124 225 2167 tem
264 2112 407 2168 securitas
438 2123 480 2168 est
503 2113 648 2168 naturalis
674 2113 783 2186 sufficit
814 2113 986 2171 intellectus.
1024 2113 1101 2168 Nom
1126 2113 1153 2167 in

166 2200 426 2274 persecuciouibus,
461 2200 575 2273 quaudo
607 2200 751 2256 naturalis
783 2200 831 2255 ille
863 2200 1023 2256 intellectus
1059 2199 1155 2276 deficit

127 2288 196 2342 20in
212 2288 318 2343 timore
334 2286 457 2357 carnali,
482 2287 663 2342 necessarius
685 2299 728 2342 est
750 2304 847 2342 sermo
863 2288 1001 2351 doctoris,
1025 2297 1056 2341 ut
1079 2288 1156 2360 quod

170 2374 264 2451 deficit
296 2375 323 2428 in
354 2374 459 2429 timore
482 2374 617 2448 periculi,
652 2385 808 2449 reparetur
836 2392 893 2449 per
916 2373 1153 2430 exhortacionem

170 2461 309 2516 doctrine.
336 2461 416 2516 Sicut
439 2472 533 2516 autem
558 2461 670 2516 tubicen
693 2461 848 2516 commisso
877 2460 951 2515 bello
974 2472 1152 2538 pugnantem
1169 2470 1365 2540 t‘rcactunq'stirs

168 2549 327 2604 exercitum
345 2547 450 2603 circuit
466 2558 491 2603 et
515 2548 633 2603 bellicos
655 2559 756 2603 cantus
779 2549 807 2602 iu
830 2549 897 2603 tuba
922 2549 1077 2603 decantans
1102 2536 1370 2629 nti-coussssffljme

168 2635 232 2690 lites
254 2636 364 2690 animat
398 2636 437 2689 ad
471 2635 624 2690 virtutem:
660 2635 752 2692 sicet
787 2635 927 2690 sacerdos
947 2634 1153 2710 persecucioue
1199 2629 1339 2724 θξρῧξξξθ

126 2722 341 2792 2iimrninente‚
366 2739 515 2797 exponens
538 2722 565 2776 in
586 2723 697 2798 populo
712 2722 951 2798 fortissimorum
981 2733 1151 2800 martyrum
1276 2694 1289 2736 p
1315 2713 1320 2721 ’

164 2810 298 2884 pericula
329 2810 463 2887 gloriosa
487 2820 515 2865 et
538 2809 750 2864 inenarrabiles
779 2809 866 2886 regui
893 2809 1005 2865 celestis
1028 2826 1153 2865 coronas

169 2897 344 2952 vincentibus
363 2907 553 2972 preparatas,
577 2896 765 2953 christianum
788 2896 929 2971 populum
953 2897 993 2950 ad
1016 2896 1151 2951 virtutem

165 2984 314 3058 paciencie
339 2984 522 3039 veliementer
545 2983 684 3042 accendit.
718 2985 775 3038 Aut
798 2984 852 3037 ita:
890 2984 922 3038 lu
946 2994 1078 3058 tempore
1100 3001 1151 3057 op·

164 3082 301 3145 portuno,
335 3081 364 3124 ut
397 3071 424 3124 in
445 3071 651 3145 persecucioue
673 3071 771 3147 magis
803 3071 945 3125 instanter
973 3071 1008 3126 de
1031 3070 1153 3125 veritate

126 3165 156 3214 30
167 3157 244 3234 fidei
266 3159 430 3226 doceamus,
454 3175 539 3231 quam
564 3159 599 3213 de
623 3157 734 3213 iusticia
751 3157 993 3226 conversacionis,
1017 3157 1150 3232 quoniam

167 3246 194 3299 iu
215 3245 468 3319 persecucionilrus
488 3244 558 3319 plus
573 3245 736 3301 necessaria
761 3256 802 3300 est
819 3245 952 3300 doctrina
967 3245 1044 3320 fidei
1066 3263 1151 3319 quam

168 3332 411 3405 conversacionis,
449 3333 476 3387 in
496 3350 570 3406 pace
601 3343 696 3388 autem
727 3332 795 3407 plus
819 3344 860 3387 est
893 3332 1056 3387 necessaria
1085 3332 1152 3386 doc-

168 3420 245 3474 trina
270 3419 504 3474 conversacionis
527 3437 612 3493 quam
629 3419 720 3496 fidem
758 3420 892 3493 quoniam
921 3419 948 3474 in
969 3418 1151 3494 persecucio-

168 3507 250 3561 nibus
267 3525 321 3562 non
342 3518 469 3581 propter
484 3507 738 3562 conversacionem
755 3525 837 3562 suam
854 3507 956 3562 bonam
983 3506 1028 3560 vel
1043 3505 1150 3559 rnalarn

125 3599 155 3648 35
169 3594 283 3649 veniunt
306 3593 459 3649 christiani
471 3593 524 3648 sed
536 3605 662 3669 propter
676 3591 754 3670 fidei
773 3593 993 3667 confessionem,
1016 3592 1151 3668 quoniam

167 3680 194 3734 iu
215 3681 422 3755 persecucioue
444 3680 525 3755 fides
548 3680 777 3757 christianorum
799 3680 996 3756 periclitatur,
1031 3679 1058 3733 in
1078 3696 1153 3754 pace

167 3778 263 3822 autem
288 3768 410 3825 iusticia.

212 3856 331 3911 ‘Beatus
363 3855 412 3911 ille
443 3873 546 3911 servus
575 3872 657 3930 quern
690 3874 754 3910 cum
789 3854 898 3910 venerit
931 3853 1065 3908 domiuus
1093 3852 1152 3908 eius

168 3942 308 3998 inverterit
323 3943 365 3998 sic
374 3943 556 4017 facientem?
579 3943 755 4011 Quomodo?
771 3942 850 3997 Sicut
866 3940 1001 4015 superius
1013 3939 1151 4011 dixintus,

224 4333 240 4367 s.
254 4321 286 4361 A:
302 4320 373 4361 mullo
388 4320 457 4361 deest.
526 4331 551 4360 u.
568 4320 599 4360 Α;
616 4319 725 4373 quoniam
740 4322 881 4371 tenpestate.
961 4317 992 4355 sti.
1010 4319 1041 4358 A:
1057 4317 1153 4358 ecclesie

168 4372 242 4421 dcc-su
257 4371 287 4413 ib.
304 4373 337 4414 A:
354 4372 422 4413 lcalet
433 4372 538 4465 poqplos.
600 4383 628 4422 ιγ.
649 4373 682 4414 Λ;
703 4370 924 4443 quasijartuerrrarrt
939 4369 1009 4441 deest.
1070 4381 1076 4411 t
1097 4400 1101 4408 .
1116 4372 1151 4429 A:

167 4424 347 4476 quaudodccst.
419 4435 452 4466 22.
494 4424 624 4465 :tutrcina
693 4422 901 4474 epti-eidem.
968 4421 1150 4465 2‘3.A:.ltta.

1003 4492 1051 4543 15*
