3098 5130
565 452 654 502 oeus
673 452 925 502 rviuoeucun
946 452 1010 502 ua.
1029 453 1072 502 ru.
1125 433 1209 518 [cie.
1224 446 1334 492 rxxm

341 626 424 688 patet
447 615 484 669 de
508 615 614 670 ordine
638 613 883 670 Mendicancium
908 612 961 688 qui
986 612 1064 670 sicut
1086 626 1220 670 renuunt
1244 630 1335 670 men·

341 719 443 757 suram
468 714 497 757 et
519 719 680 757 numerum
700 699 821 757 Domini
846 701 889 757 sic
910 714 939 758 et
956 702 1084 775 pondus.
1109 701 1335 774 Blasphemant

144 818 195 862 Tne
210 817 309 872 begging
342 788 422 844 enim
447 788 547 862 primo
571 787 601 844 in
624 791 736 856 lesum,
761 787 895 845 dicentes
912 790 994 863 quod
1018 786 1120 844 taliter
1143 785 1336 844 mendicavit

162 870 296 966 blgl‘ffgme
343 888 372 931 et
395 894 448 949 per
465 876 613 932 cautelam
638 875 724 933 istius
747 875 916 949 blasphemi
942 874 1092 932 mendacii
1116 873 1250 949 spoliant
1276 893 1336 950 po·

185 935 274 1024 ctirtst,
342 963 447 1037 pulum
471 981 646 1037 pauperem,
672 962 731 1020 alia
749 964 925 1037 blasphema
943 961 1102 1019 mendacia
1125 961 1362 1031 cumuland035

342 1050 385 1106 sic
409 1053 490 1125 quod
511 1050 560 1107 ubi
575 1053 706 1107 lacobus
728 1050 814 1106 dicit:
840 1050 957 1126 Religio
974 1052 1081 1106 aranda
1097 1061 1125 1106 et
1140 1050 1336 1105 immaculata

341 1139 421 1213 apud
457 1137 552 1194 Deum
586 1149 613 1193 et
642 1149 770 1213 patrem,
810 1138 864 1193 hoc
896 1149 947 1213 est,
991 1137 1111 1193 visitare
1138 1136 1273 1212 pupillos
1307 1148 1336 1191 et

343 1225 445 1280 viduas
477 1225 504 1279 in
531 1225 721 1280 tribulacione
744 1243 844 1280 eorum
869 1235 896 1280 et
923 1224 1142 1280 immaculatum
1173 1241 1205 1280 se
1234 1236 1336 1279 custo·

343 1312 406 1366 dire
442 1313 478 1366 ab
510 1312 564 1366 ltoc
590 1312 697 1379 seculo,
737 1310 868 1384 religiosi
901 1310 1028 1385 predicti
1064 1310 1155 1367 nimis
1191 1308 1334 1391 sinistre}

344 1413 518 1473 pervertunt
541 1411 636 1454 totam
663 1398 750 1455 istam
776 1398 977 1468 sentenciam,
1003 1417 1071 1454 cum
1096 1397 1166 1455 licet
1189 1399 1336 1471 quando·
1363 1382 1431 1450 43¹⁸

343 1504 400 1560 que
424 1485 543 1542 visitent
561 1485 693 1559 pupillos
718 1501 746 1542 et
769 1485 885 1543 viduas.
911 1505 971 1542 non
996 1501 1098 1542 tamen
1115 1499 1147 1541 ut
1165 1484 1222 1541 illis
1239 1487 1335 1541 bene-

342 1573 462 1649 faciant,
495 1574 547 1629 sed
580 1573 686 1647 pocius
722 1586 753 1629 ut
781 1573 912 1647 spolient
935 1593 952 1630 a
976 1572 1114 1630 terrenis.
1153 1575 1222 1628 Non
1246 1570 1333 1629 enim

343 1661 447 1716 volunt
472 1659 562 1716 Iidem
592 1662 628 1716 de
652 1659 816 1717 eukaristia
841 1673 979 1735 patenter
1010 1661 1177 1735 exprimere
1200 1661 1254 1716 sed
1280 1660 1336 1715 he·

171 1781 215 1823 m
232 1779 285 1823 visit
345 1765 424 1804 reses
449 1749 662 1821 commiscere,
687 1761 716 1804 et
740 1747 782 1804 sic
806 1767 868 1803 non
892 1747 1016 1804 visitant
1039 1747 1193 1822 predictos
1216 1764 1334 1820 egenos

153 1831 310 1927 ”gisdffiffld
344 1834 374 1890 in
398 1854 452 1890 sua
476 1835 676 1892 tribulacione
701 1835 853 1909 spirituali
882 1850 913 1891 ut
938 1834 1018 1909 ipsos
1043 1837 1176 1892 relevent
1198 1837 1251 1891 sed
1276 1839 1381 1909 po-15

167 1898 208 1980 roi>
222 1937 294 1980 tuem.
345 1921 408 1977 cius
432 1935 464 1976 ut
488 1924 740 1997 depauperandos
757 1922 837 1997 ipsos
862 1922 1001 1996 peiorent
1017 1938 1045 1979 et
1063 1941 1117 1997 per
1140 1939 1335 1996 consequens

345 2028 406 2065 non
431 2009 604 2067 custodiunt
621 2029 651 2067 se
669 2009 750 2083 ipsos
774 2010 988 2066 immaculatos
1005 2012 1042 2067 ab
1067 2012 1124 2067 hoc
1147 2011 1250 2066 seculo
1272 2027 1335 2066 nec

344 2096 375 2151 in
392 2096 489 2170 patria
511 2097 610 2154 necin
628 2099 774 2161 claustr0;
799 2098 895 2154 immo
919 2097 1038 2154 videtur
1061 2102 1141 2163 (cum
1166 2095 1225 2153 sint
1249 2095 1336 2153 solli·

345 2182 395 2239 citi
420 2183 500 2240 circa
521 2187 575 2241 hec
600 2184 708 2259 spolia)
734 2187 814 2259 quod
840 2185 1006 2241 claustrum
1030 2203 1090 2240 non
1108 2185 1186 2240 valet
1207 2182 1266 2240 nisi
1292 2186 1335 2240 ad

344 2270 508 2345 ypocrisim
538 2272 758 2340 simulandam;
797 2285 826 2328 et
866 2272 907 2328 ita
939 2271 1077 2327 videbitis
1110 2284 1206 2328 totum
1236 2288 1383 2344 genusao

344 2361 535 2415 sacerdotum
559 2359 712 2415 Christum
737 2359 843 2415 odiens
868 2373 896 2414 et
921 2358 1071 2433 privatum
1097 2371 1260 2432 patronum
1286 2357 1335 2414 di-

344 2444 438 2517 ligens
470 2464 505 2501 ac
538 2446 562 2502 si
595 2460 772 2520 patronatus
797 2465 877 2517 suus,
917 2447 1019 2519 regula
1052 2460 1080 2502 et
1111 2459 1193 2502 secta
1230 2436 1335 2501 sor'ent

345 2533 444 2588 minus
476 2536 593 2607 ydonee
627 2548 655 2590 et
687 2553 766 2590 nova
798 2552 889 2608 quam
920 2533 1089 2608 preeligunt
1119 2532 1214 2606 magis
1238 2534 1331 2589 bona.

344 2619 438 2675 Aliter
462 2621 541 2676 enim
567 2621 667 2677 lorent
690 2621 720 2676 in
744 2621 786 2676 sic
811 2620 950 2676 faciendo
967 2621 1075 2677 stolide
1099 2619 1245 2676 infideles.
1270 2621 1333 2675 Sed

345 2721 469 2763 caveant
493 2722 520 2763 et
546 2708 672 2764 timeant
697 2710 734 2763 de
763 2708 861 2764 verbis
890 2707 1086 2782 sequentibus
1110 2707 1140 2763 in
1166 2706 1224 2763 line
1248 2705 1380 2763 illius25

345 2795 498 2866 parabole,
532 2794 583 2851 ubi
607 2794 746 2852 Christus
770 2809 934 2869 antequam
959 2796 1095 2852 ascendit
1117 2793 1333 2851 lerosolimam

345 2879 385 2937 ita
411 2881 497 2937 dixit:
529 2883 732 2938 Verumtamen
756 2883 888 2939 irrirrticos
913 2902 991 2939 meos
1014 2884 1080 2939 illos
1103 2882 1153 2957 qui
1174 2881 1334 2936 noluerunt

345 2987 391 3024 me
414 2987 543 3047 regnare
565 2989 654 3045 super
677 2989 707 3026 se
730 2971 866 3025 adducite
881 2970 936 3025 huc
959 2982 986 3026 et
1009 2969 1163 3046 interficite
1185 2979 1252 3024 ante
1275 2987 1333 3024 me.

345 3056 434 3112 Tales
473 3070 574 3113 autem
609 3056 685 3114 servi
720 3057 855 3114 infideles
879 3072 908 3113 et
932 3056 1010 3131 pigri
1044 3057 1115 3113 mali
1144 3068 1173 3112 et
1197 3055 1333 3130 perversi

345 3156 414 3199 sunt
448 3157 545 3201 morte
581 3146 712 3201 secunda
748 3164 766 3201 a
798 3145 930 3201 Domino
967 3143 1167 3202 interficiendi
1200 3141 1258 3198 nisi
1292 3145 1333 3199 ad
1346 3148 1379 3198 30

347 3230 457 3286 Christi
483 3231 696 3304 gratitudinem
722 3232 781 3289 sint
806 3231 951 3289 conversi.

689 3508 791 3572 CAP.
815 3506 987 3569 LXXIII.

390 3653 532 3728 Sequitur
556 3651 586 3707 in
611 3665 691 3707 textu
706 3651 844 3707 Matthei:
880 3651 984 3708 Tollite
1006 3650 1104 3724 itaque
1126 3649 1161 3704 ab
1185 3667 1217 3705 eo
1241 3650 1334 3705 talen·

347 3753 406 3796 tum
439 3753 465 3796 et
498 3742 564 3795 date
596 3740 641 3795 itti
671 3741 721 3815 qui
751 3740 837 3794 habet
865 3740 961 3793 decem
986 3738 1103 3792 talenta.
1147 3736 1235 3791 Omni
1256 3737 1333 3792 enim

347 3829 464 3885 habenti
478 3829 596 3883 dabitur
612 3838 638 3883 et
654 3827 841 3897 liabuudabit,
865 3837 891 3881 et
915 3826 942 3880 ei
961 3825 1010 3898 qui
1025 3843 1080 3881 uon
1097 3825 1182 3879 habet
1205 3833 1232 3879 et
1254 3825 1335 3897 quod
1347 3828 1379 3881 35

348 3916 464 3972 uidetur
486 3916 594 3971 habere
616 3915 773 3989 auferetur
795 3916 830 3969 ab
854 3932 895 3970 eo.

400 4274 419 4316 3.
435 4277 467 4318 A:
484 4275 531 4316 πίει·
542 4275 627 4325 prt'mo.
694 4272 712 4315 5.
728 4275 760 4315 A:
778 4272 945 4315 menatenam.
1016 4269 1051 4314 32.
1066 4272 1099 4313 A:
1116 4269 1173 4324 Cap.
1188 4267 1266 4312 LXXI.

400 4398 423 4447 ti.
436 4400 526 4449 ,iacobi
542 4399 559 4449 l.
573 4414 612 4461 27.
661 4413 700 4453 27.
713 4398 799 4446 lucae
811 4397 875 4451 xlx.
891 4411 930 4451 27·
978 4397 1016 4446 33.
1029 4393 1120 4444 llatth.
1130 4395 1208 4455 XXV,
1220 4392 1334 4461 28-29.
