3098 5130
212 534 279 576 cae.
296 519 407 602 xxvii]
493 538 537 587 on
557 537 795 588 nusicunisro
815 538 879 586 rin.
899 539 916 587 ι.

211 711 311 756 eterna
334 708 409 753 sunt.
441 697 519 766 Quid
542 697 649 752 mirum
674 697 702 753 si
723 697 775 753 liec
794 708 860 754 sunt
879 699 1014 775 peritura
1031 718 1084 774 que
1100 719 1203 756 triantis

117 782 181 846 4¹4⁶
211 787 338 842 btirriana
354 785 530 850 construxit,
550 781 555 858 Ι
576 802 640 840 cum
661 784 717 840 sint
739 796 766 841 et
791 785 842 842 illa
864 786 1005 843 solvenda
1028 805 1081 862 que
1101 806 1204 844 manus

212 873 309 930 divina
332 872 467 952 creavit?
494 872 569 940 Quia
601 871 685 928 inicio
708 882 739 927 ιιι
762 884 873 929 terram
894 874 1043 950 fundasti,
1067 875 1203 943 Domine,

211 980 299 1037 opera
324 978 461 1015 manuum
486 971 603 1015 tuarum
628 970 695 1015 sunt
718 959 781 1027 celi,
805 960 860 1036 ipsi
877 961 1023 1037 peribunt,
1053 972 1082 1017 tu
1107 973 1202 1019 autem

186 1066 199 1116 5
206 1066 362 1125 permanes
406 1047 434 1102 in
472 1058 612 1103 eternum.
657 1046 806 1123 Quidquid
846 1047 920 1104 enim
945 1048 1070 1122 videtur,
1106 1050 1204 1107 carnis

210 1148 253 1193 est
286 1135 471 1213 mysterium,
504 1133 638 1210 quiequid
665 1152 720 1189 non
759 1134 883 1205 riidetur,
913 1135 1088 1196 animarum.
1130 1137 1202 1192 Cum

210 1240 285 1301 ergo
308 1240 379 1278 caro
403 1221 563 1291 transierit,
590 1238 704 1277 necesse
727 1232 770 1277 est
793 1231 824 1277 ut
846 1222 970 1278 visibilia
982 1234 1203 1298 pertranseant,

209 1310 276 1387 quia
304 1327 359 1365 non
387 1319 430 1365 est
447 1310 514 1384 sas,
545 1319 574 1364 ut
598 1326 662 1365 cum
691 1308 844 1364 visibilium
875 1309 991 1365 domina
1020 1328 1091 1366 caro
1121 1321 1202 1366 tran-

209 1394 301 1464 sierit,
325 1395 455 1452 misteria
471 1396 556 1471 quasi
570 1395 707 1473 digniora
725 1408 904 1453 remaneam.
931 1396 965 1452 Si
984 1396 1085 1454 civitas
1105 1397 1202 1473 aliqua
1280 1407 1284 1415 ’

168 1485 278 1563 ioregi
310 1502 362 1539 suo
395 1496 513 1539 terreno
536 1482 636 1558 suerit
655 1483 744 1558 sacta
775 1483 901 1554 rebellis,
932 1501 1024 1540 noune
1051 1483 1127 1541 tollit
1159 1486 1202 1541 ius

210 1571 337 1627 civitatis
367 1582 394 1627 et
423 1570 530 1627 milites
560 1587 629 1626 suos
656 1570 837 1637 transmittit,
870 1581 901 1626 ut
922 1572 982 1648 fiat
1010 1573 1137 1639 deserta,
1172 1584 1203 1629 ut

209 1677 263 1735 que
279 1668 451 1735 potestatem
475 1657 557 1736 regis
582 1657 629 1714 sui
648 1675 703 1712 non
725 1657 861 1735 cognovit
888 1658 1021 1728 inbono,
1044 1671 1203 1737 cognoscat

210 1746 237 1802 in
262 1747 349 1812 malo,
373 1758 399 1802 et
422 1746 482 1821 ipsa
507 1744 637 1801 desercio
662 1743 835 1822 testificatur
857 1745 926 1821 quid
948 1755 1032 1802 antea
1051 1747 1202 1823 profuerit

210 1833 237 1889 ei
254 1832 432 1909 propiciacio
454 1832 558 1910 regis?
580 1831 644 1888 Hec
666 1842 762 1887 autem
777 1850 852 1910 gens
868 1832 940 1888 milti
955 1833 1023 1910 regi
1037 1852 1088 1889 suo
1105 1834 1203 1890 celesti

169 1919 327 1976 ibrebellis
345 1921 434 1994 sacta
467 1931 518 1987 est,
551 1920 647 1998 legem
676 1937 769 1975 meam
800 1920 942 1995 corrupit,
970 1931 1108 1996 precepta
1137 1939 1201 1976 ritca

210 2007 387 2082 contempsit,
417 2006 566 2062 ministros
589 2024 669 2063 meos
696 2006 810 2073 occidit,
838 2025 926 2082 super
954 2025 999 2063 me
1026 2007 1117 2083 ipsum
1142 2008 1199 2063 iam

210 2095 312 2171 impias
335 2112 437 2150 manus
460 2093 565 2164 erexit,
589 2105 616 2148 et
638 2093 734 2149 adbuc
756 2111 802 2150 me
817 2093 982 2173 interficere
1003 2095 1122 2173 cogitat,
1147 2096 1202 2151 uisi

210 2181 374 2257 defenderit
406 2198 452 2236 me
483 2180 702 2236 inmortalitatis
732 2191 848 2237 natura.
882 2182 950 2237 Ideo
979 2181 1080 2238 tollam
1105 2199 1144 2238 cx
1167 2201 1199 2238 ea

207 2269 337 2346 pignora
367 2267 499 2324 veritatis
527 2284 598 2340 mee,
627 2268 658 2323 id
681 2279 732 2337 est,
756 2268 896 2343 Spiritum
927 2287 1020 2324 meum
1045 2270 1201 2338 Sanctnru,·

166 2372 199 2405 20
210 2356 311 2411 tollam
335 2354 496 2412 exercitum
521 2372 625 2427 meum,
655 2354 686 2410 id
708 2365 759 2422 est,
783 2355 905 2434 angelos
934 2356 982 2430 qui
1004 2355 1199 2412 custodiebant

210 2461 284 2512 eam,
308 2453 338 2498 ut
362 2460 417 2498 uon
440 2451 495 2498 stet
511 2441 558 2496 nic
581 2441 654 2518 lapis
675 2459 764 2518 super
784 2441 919 2517 lapidem.
940 2442 1012 2498 Cum
1029 2460 1105 2520 ergo
1120 2442 1200 2499 salus

210 2531 245 2585 ab
269 2547 302 2586 ea
327 2529 489 2601 recesserit,
517 2545 631 2585 necesse
657 2540 699 2585 est
723 2538 753 2583 ut
771 2529 904 2604 perdicio
928 2528 1100 2585 dominetur.
1136 2531 1199 2586 Hec

209 2615 421 2673 crisostomus.

253 2706 293 2759 Ex
326 2702 383 2760 isto
415 2716 496 2760 textu
529 2701 674 2776 evangelii
708 2715 736 2758 et
765 2700 1072 2777 exposiciorre·huius
1100 2703 1195 2760 sancti
1236 2713 1281 2757 We
1296 2714 1379 2758 should

167 2793 277 2847 absunt
302 2791 395 2847 multa
421 2789 559 2846 fidelibus
583 2791 768 2861 annotanda,
792 2789 892 2864 primo
909 2792 990 2865 quod
1014 2789 1043 2846 in
1062 2789 1195 2847 basilicis
1239 2773 1385 2862 ¹¹ss{„⁸„⁶,{,',¹,¹¹

210 2877 415 2934 materialibus
447 2896 508 2934 non
537 2890 581 2934 est
613 2876 737 2934 affeccio
769 2876 896 2955 nipnium
927 2876 1090 2951 infigenda,
1123 2877 1194 2953 quia
1247 2872 1365 2979 bffigffigs

209 2963 239 3020 in
272 2978 351 3021 statu
391 2964 566 3021 innocencie
604 2983 665 3020 non
698 2963 832 3024 fuissent.
870 2963 1008 3021 Christus
1040 2964 1088 3021 hic
1121 2966 1196 3022 tales
1368 2956 1374 2966 ⁴

210 3065 377 3109 structuras
416 3051 574 3108 hominum
612 3070 674 3109 non
713 3051 843 3108 attendit
882 3064 910 3107 et
948 3051 1086 3109 Christus
1116 3055 1196 3109 Deus

208 3152 310 3196 noster
334 3151 458 3213 propter
481 3156 632 3196 recessum
655 3138 761 3195 talium
786 3157 803 3195 a
827 3150 906 3194 statu
932 3138 1107 3196 innocencie
1132 3139 1197 3213 ipsa

166 3232 199 3284 30
210 3226 383 3283 humanitus
399 3245 459 3283 non
477 3225 620 3300 possedit,
642 3227 695 3282 sed
711 3225 817 3295 oravit,
835 3227 1034 3299 pernoctavit,
1053 3226 1195 3297 comedit,

209 3313 385 3388 predicavit,
417 3331 524 3387 passus
556 3313 612 3369 fuit
645 3312 776 3370 finaliter
808 3325 837 3369 et
865 3313 1000 3387 sepultus
1029 3316 1085 3370 sub
1118 3313 1197 3375 div0.

209 3402 285 3457 Cum
315 3418 387 3474 ergo
416 3400 519 3458 omnia
548 3414 631 3474 gesta
660 3413 688 3456 et
712 3402 802 3457 verba
826 3399 939 3457 Christi
963 3414 1033 3457 sunt
1057 3401 1196 3458 fidelibus

209 3487 378 3561 disciplina,
404 3501 487 3561 patet
503 3488 585 3562 quod
610 3487 713 3544 fideles
734 3488 844 3544 debent
862 3505 967 3544 cavere
983 3505 1022 3543 ne
1038 3486 1069 3544 in
1085 3488 1196 3545 talibus

208 3574 401 3631 sensibilibus
418 3592 505 3630 suum
529 3573 710 3631 desiderium
734 3573 861 3631 nimium
884 3574 1092 3648 immergatur.
1116 3578 1196 3632 Deus
1285 3596 1291 3608 ·

167 3659 287 3718 35enim
322 3660 473 3718 ordinavit
504 3660 675 3735 spiritualia
708 3676 736 3718 et
765 3661 950 3718 insensibilia
981 3661 1077 3735 magis
1106 3665 1194 3733 bona,

208 3761 241 3805 ut
264 3761 348 3823 patet
371 3750 408 3804 de
431 3747 551 3806 obiecto
576 3748 645 3805 fidei
669 3761 698 3805 et
722 3748 788 3806 aliis
812 3748 1037 3805 insensibilibus
1053 3767 1112 3823 que
1129 3763 1197 3807 sunt

209 3834 400 3893 sensibilibus
425 3836 519 3910 magis
544 3838 634 3908 bona,
664 3849 696 3893 ut
719 3835 832 3892 sanitas
856 3834 1037 3892 insensibilis
1062 3849 1105 3892 est
1129 3855 1195 3911 pre-

209 3922 343 3981 stancior
371 3942 461 3998 quam
492 3922 659 3998 corporalis
693 3922 822 3998 qualitas
852 3922 1069 3979 ministratorie
1097 3923 1196 3997 ipsam

209 4010 323 4083 iuvans,
347 4009 408 4067 vita
431 4009 612 4067 insensibilis
635 4011 681 4068 vel
701 4010 826 4085 spiritus
850 4010 975 4067 humani
992 4009 1129 4084 corporis
1152 4024 1196 4068 est

259 4229 279 4275 5.
294 4230 329 4273 A:
346 4228 408 4284 Quid
421 4230 520 4273 videtur.
567 4228 588 4272 8.
602 4230 638 4273 A:
653 4229 783 4272 visibilium.
798 4229 878 4273 Adde:
893 4239 979 4273 rerum.
1035 4241 1060 4272 u.
1079 4230 1114 4273 A:
1135 4228 1196 4272 cari-

209 4283 272 4326 tatis.
326 4293 356 4326 ta.
372 4281 462 4325 Codd.:
477 4293 504 4325 eo
540 4282 605 4325 oscit.
664 4279 694 4325 13.
710 4279 799 4325 eona:
811 4281 928 4337 proderit.
997 4292 1032 4324 ao.
1048 4281 1137 4327 eota:
1152 4281 1195 4325 tol·

210 4334 256 4377 tam
270 4335 395 4379 exercitum
409 4345 482 4378 meum
513 4341 569 4377 east.

267 4494 287 4529 ι.
306 4479 337 4529 ll.
356 4478 418 4529 Cor.
437 4479 479 4541 lV,
502 4477 540 4529 18.
595 4480 618 4530 3.
629 4478 735 4537 ,Psalm
755 4479 796 4542 Cl,
816 4477 857 4540 26,
877 4493 918 4544 27.
