3098 5130
167 491 234 537 CAP.
251 478 343 560 LXXL]
439 498 484 547 DE
504 497 741 549 ANTICHRISTO
763 499 825 550 ΗΒ.
845 499 863 547 1.

166 659 319 716 seminavit
340 659 477 737 graciam
501 678 583 717 suam
619 678 658 717 ex
681 661 783 736 quibus
819 661 916 716 nulius
939 660 1048 717 iusticie
1072 661 1152 716 colii-

167 747 252 824 gitur
268 746 401 820 fructus,
432 749 576 822 quomodo
601 748 628 803 in
652 759 680 804 te
703 748 782 804 metit
809 749 886 823 quod
909 766 965 804 nou
988 748 1150 817 seminavit,

167 851 249 907 quem
282 834 367 909 quasi
396 845 500 891 aratro
533 835 682 911 spirituali
712 835 809 891 crucis
845 853 896 892 sue
931 835 1018 891 uerbo
1054 835 1152 890 aravit

167 939 248 994 quem
287 921 420 977 doctrina
453 922 564 979 iusticie
600 923 762 994 seminavit,
800 941 883 998 quem
909 922 1021 998 Spiritu
1045 923 1152 977 Sancto

143 1008 335 1085 inrigavit?
371 1010 423 1065 Tot
452 1010 561 1065 semina
592 1011 752 1086 suscipiens
779 1010 953 1087 graciarum
988 1009 1034 1064 nel
1064 1028 1151 1064 umun

167 1096 304 1169 fructum
330 1095 439 1152 iusticie
456 1097 580 1153 debuisti
601 1098 732 1172 offerre?
755 1097 832 1152 Nam
850 1098 931 1153 Deus
947 1096 1089 1152 homiuem
1113 1113 1152 1152 ex

168 1183 278 1258 duplici
300 1200 403 1238 creans
427 1194 533 1240 natura
557 1184 692 1259 corporis
715 1184 823 1240 scilicet
846 1195 875 1240 et
897 1184 1002 1254 anime,
1034 1183 1062 1238 iu
1086 1201 1152 1239 cor·

163 1287 237 1343 pore
268 1270 384 1345 quidem
417 1269 531 1329 creavit
562 1272 683 1346 quinque
706 1289 806 1328 sensus
838 1282 865 1327 et
894 1281 987 1326 motus
1010 1271 1151 1345 quosdam

167 1358 469 1431 concupiscenciarum
487 1358 668 1414 irascencium
693 1376 732 1414 ex
754 1358 904 1414 occasione
925 1376 1059 1415 sensuum
1080 1376 1151 1433 pre·

127 1443 327 1500 indictorum:
359 1446 387 1500 iu
411 1446 511 1502 anima
543 1457 638 1502 autem
672 1447 783 1502 creauit
813 1446 954 1501 iusticiam
979 1456 1005 1501 et
1030 1445 1152 1500 uirtutes

166 1543 196 1585 ut
212 1544 239 1587 et
256 1532 403 1610 intelligat
419 1534 564 1588 malorum
582 1551 683 1589 rerum
707 1545 734 1588 et
757 1534 899 1589 bonarum
918 1532 1150 1608 disposicionem,

167 1629 197 1672 ut
216 1620 311 1695 possit
344 1620 481 1676 resistere
512 1620 635 1676 motibus
657 1621 718 1676 suis
741 1620 954 1697 corporalibus.
997 1620 1056 1685 Qui
1077 1637 1151 1697 ergo

165 1708 322 1762 secundum
356 1707 564 1764 delectaciones
587 1709 723 1764 carnales
747 1708 845 1764 viuere
868 1709 1030 1785 elegerunt,
1063 1724 1153 1781 neque

166 1794 352 1850 considerant
368 1795 395 1849 in
417 1795 514 1850 anima
538 1814 590 1851 sua
613 1795 719 1851 iudicia
743 1806 770 1851 et
794 1796 916 1851 virtutes
939 1813 1001 1852 esse
1023 1805 1152 1850 creatas:

127 1891 217 1940 15nec
248 1881 322 1938 enim
355 1883 549 1957 experiuntur
583 1901 617 1939 ea
650 1902 702 1940 nec
723 1884 816 1939 scirent
843 1885 895 1939 sed
917 1893 1028 1938 tantum
1052 1899 1152 1937 seusus

166 1968 300 2025 carnales
323 1979 351 2024 et
374 1980 468 2026 inatus
484 1972 619 2026 carnales
642 1970 944 2046 coucupiscenciarum
969 1968 1150 2025 nascencium

165 2073 204 2112 ex
227 2056 376 2111 occasione
403 2074 537 2113 sensuum
558 2058 761 2134 predictorum
785 2068 978 2133 exequuntur.
1012 2057 1064 2112 Ex
1094 2074 1151 2131 quo

165 2143 206 2218 fit
230 2154 260 2198 ut
282 2143 323 2198 sic
346 2144 529 2201 arbitrentur
551 2155 579 2199 et
602 2144 709 2210 dicant,
734 2144 800 2218 quia
824 2144 920 2201 omnia
945 2144 1020 2200 bona
1044 2161 1149 2199 carna-

167 2230 204 2284 lia
228 2241 255 2285 et
287 2231 447 2286 uutndialia
471 2232 535 2287 ideo
559 2232 671 2287 creavit
694 2232 786 2302 Deus,
815 2241 845 2286 ut
869 2231 1002 2288 omnibus
1024 2230 1065 2286 eis
1088 2240 1150 2283 uta·

124 2336 241 2372 zomur.
276 2318 351 2373 Nam
384 2319 411 2373 si
433 2337 500 2374 uere
524 2337 578 2374 nou
617 2329 683 2374 suut
707 2329 806 2374 creata
839 2319 867 2372 in
889 2317 971 2373 uobis
993 2316 1150 2372 secundum
1178 2341 1246 2385 Νη
1260 2343 1311 2398 912³
1326 2342 1353 2386 os

166 2405 293 2460 animam
332 2405 437 2461 iudicia
476 2416 502 2461 et
530 2405 652 2461 uirtutes
689 2406 790 2481 quibus
829 2405 965 2462 resistere
995 2420 1152 2480 possumus
1174 2395 1346 2491 soffi’vjecffi‘al

166 2492 290 2547 motibus
313 2492 614 2569 concupiscenciarum
639 2505 808 2549 nostrarum
833 2492 1005 2563 carnalium,
1038 2501 1149 2547 certum
1226 2500 1294 2543 tusis.

166 2590 208 2633 est
231 2579 297 2654 qnia
321 2580 385 2636 ideo
408 2590 508 2636 creata
531 2590 598 2635 sunt
621 2580 694 2637 bona
718 2580 862 2651 carnalia,
886 2590 916 2635 ut
940 2589 1059 2634 utamur
1081 2578 1149 2634 iilis.

167 2667 199 2719 Si
221 2678 315 2722 autem
339 2678 470 2723 creatum
495 2678 537 2723 est
560 2668 587 2722 in
604 2668 685 2724 nobis
707 2679 735 2723 et
757 2666 923 2745 intelligere
945 2684 994 2722 eos
1016 2676 1044 2721 et
1064 2683 1151 2740 posse

124 2754 303 2810 ziresistere
326 2754 376 2825 eis,
400 2774 455 2812 nou
473 2754 590 2810 dubium
615 2774 671 2812 nou
695 2755 759 2811 ideo
776 2765 874 2812 creata
898 2764 965 2811 sunt
981 2752 1149 2829 corporalia

167 2841 239 2896 bona
263 2852 290 2896 et
313 2842 474 2897 mundialia
508 2852 537 2896 ut
570 2852 690 2898 utamur
711 2842 770 2898 iilis
792 2842 845 2898 sed
867 2852 897 2896 ut
921 2840 961 2897 eis
983 2840 1151 2896 resistentes

167 2928 282 2984 meliori
304 2928 400 2984 studio
417 2929 603 3005 acquiramus
626 2930 707 2986 nobis
731 2929 903 2985 mercedem.
930 2928 1006 2983 Nam
1032 2945 1083 2983 nec
1106 2926 1148 2981 iu·

166 3016 302 3092 telligere
317 3016 421 3071 bonum
439 3027 467 3072 et
482 3016 590 3073 malum
607 3017 635 3071 iu
652 3017 732 3073 nobis
743 3027 873 3072 creatum
886 3027 969 3087 esset,
992 3014 1049 3070 nisi
1062 3014 1151 3070 simui

167 3113 296 3158 creatum
323 3103 434 3177 suisset
466 3114 493 3160 et
521 3122 609 3178 posse
642 3104 779 3161 resistere
801 3104 890 3173 malo,
930 3113 960 3158 ut
983 3101 1052 3177 quid
1075 3100 1148 3156 enim

123 3189 276 3248 soimanni
303 3191 402 3245 datum
435 3201 509 3248 esset
532 3191 707 3269 intelligere,
738 3192 765 3247 si
794 3209 850 3247 uon
866 3190 978 3265 sitisset
1000 3189 1026 3245 ei
1048 3189 1148 3244 datum

166 3287 192 3330 ct
213 3295 300 3352 posse
316 3278 425 3351 jacere
441 3279 518 3352 quod
538 3278 676 3356 inteiligit
700 3279 803 3334 meiius
819 3296 888 3334 esse.
914 3276 1064 3351 Numquid
1085 3276 1147 3330 ani·

167 3365 290 3419 vitalibus
312 3365 424 3420 creavit
441 3366 522 3421 Deus
546 3366 711 3443 intelligere
733 3366 810 3441 quod
826 3365 971 3421 horiestius
994 3375 1022 3419 et
1045 3362 1148 3417 lauda-

166 3450 251 3506 bilius
274 3454 339 3507 est?
363 3452 440 3519 Non,
464 3453 529 3527 quia
554 3471 605 3508 nec
621 3453 731 3508 creavit
755 3453 841 3508 ineis
859 3470 948 3528 posse
963 3451 1072 3525 jacere
1094 3449 1148 3504 aii-

165 3538 235 3612 quid
258 3539 335 3611 quod
358 3539 461 3594 melius
484 3550 534 3594 est.
560 3541 609 3595 Sic
628 3558 679 3596 uec
702 3540 812 3596 homini
834 3549 962 3595 creasset
985 3536 1150 3612 intelligere

125 3625 223 3683 35nisi
245 3638 372 3681 creasset
396 3626 423 3681 ci
445 3636 471 3680 et
494 3628 571 3700 quod
594 3627 730 3704 intelligit
745 3627 854 3701 jacere
874 3644 968 3701 posse.

211 3713 398 3787 Respondeus
429 3725 523 3769 autem
551 3714 683 3769 dorriinus
714 3713 774 3769 eius
800 3714 874 3769 dixit
909 3713 949 3768 ei:
980 3712 1071 3767 Serve
1101 3728 1147 3765 ne·

166 3811 314 3872 qunmetc.
340 3801 470 3874 Nequam
489 3801 562 3855 enim
581 3811 711 3871 uocatur,
736 3801 800 3875 quia
826 3800 1027 3855 coutumeliam
1053 3797 1150 3853 reddit

167 3887 282 3942 donnino
295 3905 353 3961 pro
370 3887 497 3944 honore:
510 3888 609 3964 piger,
632 3888 699 3964 quia
715 3888 854 3944 talentum
872 3906 928 3944 nou
945 3886 1082 3962 duplicat.
1108 3884 1148 3939 Et

165 3973 228 4028 ideo
249 3993 307 4049 pro
325 3992 357 4031 eo
379 3975 492 4049 quidem
509 3974 593 4049 quasi
611 3975 762 4051 superbus,
784 3992 842 4051 pro
869 3976 923 4031 hoc
947 3983 1042 4029 autem
1068 3971 1152 4046 quasi

218 4255 245 4285 1—
255 4258 272 4287 2.
294 4248 326 4288 A:
346 4247 427 4301 quihus
445 4246 544 4290 sciencie
562 4247 712 4301 intelligitur.
790 4259 815 4289 u.
836 4250 870 4291 A:
890 4253 913 4290 et
936 4245 1014 4289 before
1032 4245 1151 4301 intelligat

166 4297 236 4339 deest.
284 4298 311 4342 13.
328 4303 360 4342 A:
376 4301 499 4344 secundum
514 4302 584 4344 deest.
638 4303 857 4353 tumereaturus.
913 4300 941 4343 »5.
956 4299 986 4343 B:
1000 4304 1149 4355 caperentur.

167 4360 197 4391 io.
208 4353 240 4393 A:
259 4358 282 4394 et
294 4358 369 4395 motus
382 4356 498 4396 carnales.
553 4367 584 4408 ¹7·
598 4355 631 4397 A:
644 4354 804 4408 predictarum
817 4353 893 4405 dcem
908 4353 959 4396 liin
975 4364 1061 4406 mnrg.:
1076 4350 1141 4394 addit

165 4414 250 4445 20-21.
270 4407 303 4447 A:
323 4406 447 4448 secuudum
460 4408 561 4449 animam
576 4407 647 4450 decu.
724 4405 756 4450 23.
773 4409 805 4450 A:
825 4407 885 4449 lorea
900 4406 976 4455 dcem
991 4405 1008 4448 B
1023 4405 1045 4447 in
1061 4416 1148 4458 marga

165 4456 237 4498 addit.
316 4455 349 4500 33.
365 4460 397 4500 A:
413 4454 465 4501 Non
479 4459 550 4502 deest.
618 4458 653 4513 39.
670 4459 698 4501 B:
711 4471 756 4515 per
770 4459 814 4502 liae
828 4460 906 4501 eciam.
