3098 5130
199 480 266 524 (JAl'.
283 472 395 540 LthllL]
497 483 541 531 ot:
561 481 799 532 ANTICHRISTO
819 481 881 531 LlB.
902 481 920 530 1.

201 649 286 700 lrirrno
311 644 438 700 moriens
459 654 585 719 propter
607 661 666 709 eos,
696 644 764 718 quid
788 643 895 698 mirmn
919 643 946 700 si
968 643 1075 697 ritaiori
1098 643 1185 699 dilec-

200 735 280 789 cione
311 733 462 787 tenebatur
497 742 664 786 sanctornm
703 749 775 807 quos
813 730 992 805 relinquebat
1031 730 1058 784 in
1099 730 1187 786 terris

201 839 285 895 quam
311 819 467 874 dileccione
500 819 599 895 glorie
622 835 706 892 qnam
731 818 853 873 habebat
882 818 909 872 in
933 817 1025 873 celis?
1062 817 1101 872 Et
1125 829 1186 872 tra-

201 907 274 963 didit
297 906 342 961 illi
364 907 437 961 bona
470 924 531 960 sua.
567 905 631 960 Non
664 905 795 960 invidens
822 904 889 960 aliis
917 904 985 979 plus
1009 904 1099 976 dedit,
1137 904 1189 959 alii

177 995 302 1052 irninus.
343 993 394 1048 sed
426 993 615 1048 considerans
647 992 844 1048 diversitatem
866 991 943 1069 fidei
969 1009 1079 1047 eorum.
1131 992 1189 1058 Qui

201 1093 296 1137 autern
321 1080 435 1135 invidus
459 1090 501 1135 est
524 1090 573 1134 aut
594 1098 713 1155 parcus,
738 1079 869 1134 omuibus
897 1089 939 1134 est
959 1097 1071 1155 parcus
1094 1089 1120 1134 et
1144 1079 1186 1133 in·

203 1170 294 1223 rridrcs.
320 1168 420 1241 Neque
434 1167 518 1242 quasi
532 1177 669 1240 acceptor
682 1184 878 1241 personarum
896 1165 973 1239 fecit
990 1165 1187 1242 differeueiam

201 1256 384 1332 graciarum.
414 1255 460 1308 Vis
482 1254 580 1309 scire?
612 1254 783 1322 Considera,
804 1271 878 1329 pene
893 1253 1035 1327 equaliter
1058 1271 1187 1309 remune-

203 1343 278 1397 ravit
303 1360 366 1398 eum
384 1342 432 1416 qui
455 1342 548 1397 ricinus
564 1341 666 1396 obtulit
689 1352 717 1396 et
739 1360 802 1396 eum
826 1341 875 1415 qui
897 1340 1032 1417 amplius.
1057 1340 1091 1395 Si
1112 1340 1186 1396 enim
1211 1351 1262 1395 Tne
1278 1353 1328 1394 tora
1344 1364 1393 1394 um

165 1453 191 1483 ιο
202 1442 339 1505 acceptor
352 1446 548 1504 personarum
565 1428 687 1503 suisset,
712 1428 807 1502 utique
830 1446 885 1484 non
902 1438 1013 1483 tanturn
1038 1428 1066 1482 in
1090 1428 1187 1483 danda
1209 1412 1359 1511 ⁰⁰p²ssssffiffi⁰¹
1373 1410 1397 1447 ⁰¹

201 1517 305 1594 gracia
341 1526 477 1590 qnantum
510 1516 538 1571 in
563 1515 714 1571 reddenda
747 1516 880 1571 mercede
902 1525 967 1570 erat
990 1515 1100 1591 equalis
1123 1533 1186 1570 am·

203 1606 299 1660 bobio.
326 1603 518 1677 ,llarrisestum
543 1603 685 1677 estquod
708 1602 735 1656 in
760 1603 857 1657 danda
879 1603 985 1680 gracia
1010 1620 1064 1658 uon
1085 1619 1187 1677 perso·

203 1711 255 1747 nas
284 1690 409 1765 aspexit,
448 1691 500 1746 sed
532 1690 654 1745 virtutes
686 1689 879 1765 cuiuscunque
910 1689 1115 1759 consideravit,
1154 1707 1188 1744 ne

202 1797 293 1855 supra
329 1778 462 1834 virtutem
502 1796 573 1853 opus
604 1776 766 1854 iniungens,
800 1778 861 1852 ipse
884 1776 996 1832 occasio
1024 1776 1188 1852 offensionis

165 1875 191 1923 15
205 1866 344 1922 existeret
360 1876 386 1921 et
403 1884 457 1920 non
474 1876 548 1921 esset
565 1882 631 1920 reus
647 1864 879 1940 quipeecaverit,
902 1864 929 1919 si
943 1882 1033 1939 snpra
1051 1864 1186 1919 virtutem

201 1954 317 2029 pondus
333 1952 524 2026 imposuisset.
547 1951 650 2007 Valens
663 1969 737 2028 ergo
753 1951 898 2007 Dominus
909 1951 1003 2007 socios
1019 1970 1071 2007 uos
1081 1952 1189 2007 habere

204 2042 232 2095 in
257 2058 349 2117 reguo
366 2040 472 2105 celesti,
496 2056 585 2114 opera
609 2039 689 2094 uobis
706 2038 889 2094 diversarum
907 2037 1085 2094 iusticiarnm
1110 2057 1188 2094 com-

204 2127 291 2197 misit,
323 2146 378 2181 non
411 2127 475 2200 quia
509 2143 564 2181 non
593 2125 696 2181 lrabeat
716 2135 888 2201 potestatem
912 2136 940 2181 et
968 2125 1029 2181 sine
1052 2125 1187 2201 operibus

204 2233 254 2269 nos
281 2213 463 2290 glorificare.
486 2213 539 2268 sed
562 2212 625 2268 ideo
650 2230 722 2288 opus
741 2213 885 2287 premisit,
913 2213 978 2286 quia
1002 2212 1073 2268 sicut
1097 2229 1186 2287 opera

163 2301 263 2357 sosine
283 2300 406 2375 premiis
430 2318 520 2354 rracrta
543 2310 619 2369 sunt,
652 2299 694 2354 sic
712 2299 826 2374 premia
859 2300 920 2355 sine
943 2317 1030 2374 opere
1057 2310 1122 2355 sunt
1146 2299 1187 2354 in·

203 2399 304 2465 grata.
330 2389 393 2443 llec
417 2386 631 2443 Crisostomus.

248 2473 373 2530 Videtur
407 2475 486 2530 hunc
521 2486 659 2529 sanctum
693 2472 764 2529 satis
797 2473 934 2530 sollerter
967 2486 1074 2529 notare
1097 2474 1399 2528 verbactnisicannm

206 2560 293 2617 huius
311 2560 456 2634 evangelii
479 2573 511 2616 ut
527 2560 671 2635 priorem.
695 2561 892 2616 Concordant
915 2559 995 2616 enim
1014 2561 1105 2616 ambo
1129 2558 1188 2629 isti,
1220 2535 1346 2630 ieactchqu
1363 2543 1385 2578 ¹⁰

206 2648 283 2703 sicut
307 2647 470 2721 Gregorius
495 2666 563 2703 cum
588 2646 764 2703 doctoribus
788 2646 855 2704 aliis
879 2646 1081 2715 concorditer,
1106 2646 1188 2719 quod

164 2736 299 2796 25110mo
332 2734 387 2790 iste
419 2752 544 2808 peregre
577 2733 773 2808 proficiscens
801 2733 839 2790 sit
863 2733 1006 2791 dominus
1028 2736 1114 2789 lesus
1137 2732 1189 2807 qui

206 2823 371 2877 secundum
397 2821 631 2888 Crisostomum,
664 2820 742 2877 sicut
780 2821 809 2876 in
834 2819 986 2895 principio
1015 2838 1067 2877 sue
1091 2820 1189 2876 incar-

206 2908 342 2965 nacionis
371 2928 432 2965 non
462 2909 516 2965 luit
549 2908 658 2965 sinon
691 2926 796 2965 recens
828 2908 928 2965 incola
952 2908 1001 2965 hic
1036 2908 1066 2963 in
1090 2907 1189 2978 terris,

208 2996 247 3052 ita
271 3015 331 3052 non
366 2995 420 3051 fuit
453 2997 552 3052 adhue
586 3009 723 3052 maturus
751 3009 784 3052 ut
816 2997 993 3053 ascenderet
1025 2995 1056 3051 in
1090 2996 1188 3052 celum

207 3101 330 3156 peregre
353 3083 557 3157 proficiscens,
582 3085 633 3140 sed
658 3082 688 3138 in
712 3083 770 3139 isto
795 3082 889 3156 priori
911 3084 1042 3140 adventu
1066 3095 1189 3139 venerat

165 3169 359 3231 {inracionem
390 3170 528 3244 accipere
562 3170 698 3245 magistri
732 3182 760 3226 et
790 3169 913 3241 medici3
947 3169 1016 3227 ideo
1054 3168 1190 3244 oportuit

207 3277 274 3313 eum
300 3260 407 3314 docere
421 3257 603 3314 militantem
629 3256 785 3315 ecclesiam
812 3270 841 3313 et
863 3276 917 3313 sua
939 3257 1079 3331 passione
1096 3277 1190 3332 appo·

207 3363 277 3400 uere
303 3343 496 3414 medicinam,
530 3358 559 3401 et
584 3347 685 3401 dando
714 3343 875 3418 pecuniam
901 3344 1069 3418 preciosam
1096 3344 1190 3401 servis

206 3431 266 3487 suis
305 3450 426 3487 necesse
465 3444 508 3487 est
541 3445 574 3488 ut
598 3431 627 3487 in
660 3432 793 3488 secundo
826 3432 968 3507 adventu,
1003 3435 1059 3489 hoc
1083 3446 1127 3489 est
1152 3434 1189 3489 ad

208 3520 296 3574 tinale
314 3517 469 3589 iudicium,
496 3519 532 3574 de
549 3518 692 3574 omnibus
716 3517 780 3574 istis
805 3519 901 3592 exigat
918 3517 1082 3578 racionem.
1107 3521 1191 3576 Post-

165 3625 296 3679 eaquam
332 3605 423 3678 igitur
455 3605 510 3661 iste
543 3604 599 3661 fuit
623 3605 773 3678 perfectus
806 3607 908 3674 homo,
948 3605 1111 3680 adquisivit
1134 3605 1189 3662 sibi

208 3692 372 3765 discipulos
390 3692 576 3765 predicando
598 3705 626 3748 et
645 3691 794 3748 medicina
811 3692 912 3765 generi
937 3693 1070 3749 humano
1095 3712 1191 3767 appo·

207 3779 263 3834 sita
287 3781 323 3834 ad
342 3780 439 3835 celum
458 3781 650 3835 ascendendo
667 3797 791 3853 peregre
815 3793 858 3835 est
883 3780 1035 3854 profectus
1059 3793 1097 3851 et,
1121 3799 1189 3837 cum

116 3882 177 3940 seq
207 3865 242 3920 sit
265 3859 269 3945 l
290 3865 378 3922 simul
402 3869 483 3921 Deus
507 3878 536 3921 et
560 3866 652 3922 homo
678 3885 738 3922 non
763 3879 870 3940 potens
894 3866 1115 3924 humanitatem
1141 3869 1191 3923 de·

207 3971 304 4008 serere
340 3970 431 4026 quam
456 3951 629 4027 assumpsit,
662 3953 779 4010 vocavit
803 3972 903 4010 servos
926 3972 1007 4024 suos,
1047 3956 1104 4011 hoc
1136 3968 1190 4023 est,

261 4236 275 4265 ι.
300 4224 330 4264 u:
355 4223 467 4266 nomines.
557 4222 618 4275 3-4.
640 4226 673 4266 A:
697 4221 728 4267 Et
741 4224 868 4267 tradidit·
875 4226 930 4279 plus
948 4225 1023 4279 deest,
1043 4226 1061 4269 B
1080 4226 1102 4269 in
1118 4238 1190 4279 marg.

207 4284 227 4315 u.
245 4275 447 4318 Azornrrioasest
477 4286 547 4318 arcus
561 4276 632 4318 deest.
701 4289 731 4319 ιο.
748 4278 783 4319 A:
803 4281 891 4319 tantum
904 4277 976 4320 deest.
1045 4277 1193 4321 1§.A:reus

208 4329 278 4368 tle-est.
343 4327 435 4385 ¹18-1o.
479 4339 546 4369 :non
561 4329 789 4383 quia-glorificare
803 4329 873 4371 deest.
935 4329 1192 4384 19.A:non.(30dd.:

207 4379 394 4474 rqosqorreqnin
411 4392 464 4422 nini.
536 4392 569 4423 22.
585 4383 606 4424 Α
621 4381 644 4424 in
661 4392 749 4435 marg:
776 4381 902 4425 lohannes.
969 4379 1002 4435 37.
1027 4384 1062 4426 A:
1085 4383 1192 4427 inscendo.

208 4435 240 4473 .o'.
284 4433 327 4474 :si
349 4439 424 4474 twice.
