3098 5130
163 500 231 545 cn.
250 487 343 570 xxxi]
457 503 501 555 nn
522 502 758 555 ruricunisro
779 504 842 555 tin.
864 507 879 554 1.
1311 491 1367 549 113

154 668 220 742 suit
250 668 277 722 in
301 667 419 737 nnmdo,
447 667 511 740 qnia
538 667 645 723 ueritas
668 667 815 745 euangelii
836 667 897 723 eius
920 668 1016 722 adhuc
1039 667 1362 745 ignota,Tnedevilraises

162 755 228 828 quia
266 754 393 829 apostoli
428 755 487 810 eius
515 755 600 810 multi
633 755 738 811 incerti
778 755 884 811 multos
931 755 1151 811 introducebant
1202 733 1332 828 ὧῇῑξῗξῗο

166 841 300 897 Christos
332 842 359 896 in
393 843 544 913 mundum,
582 854 612 897 ut
645 843 776 898 homines
809 843 938 899 volentes
977 841 1076 898 venire
1113 843 1152 896 ad
1176 838 1273 881 miricae
1290 851 1350 880 men.

167 929 316 984 Christum
343 947 399 1003 per
425 929 642 986 similitudinem
672 928 796 985 nominis
824 929 884 985 eius
913 941 1047 986 errantes
1069 939 1151 985 tran·

139 1021 244 1072 §scant
267 1017 306 1071 ad
329 1016 476 1072 diabolum
501 1028 528 1072 et
552 1018 679 1073 volentes
701 1018 737 1073 ab
762 1034 795 1073 eo
819 1016 904 1073 exire
926 1017 1101 1094 impugnant
1124 1016 1152 1072 in

163 1123 237 1160 eum.
260 1104 513 1170 Quemadmodum
536 1122 593 1160 rex
612 1105 639 1160 si
661 1105 688 1158 in
712 1104 787 1160 bello
812 1103 905 1160 uictus
928 1115 1013 1178 atque
1020 1105 1154 1180 jugatus

163 1192 199 1247 ab
223 1191 281 1247 alio
306 1210 378 1268 rege
400 1192 528 1248 induerit
551 1192 750 1248 indumentum
775 1191 857 1269 regis
880 1191 960 1247 illius
984 1191 1103 1247 uictoris
1127 1201 1154 1245 et

165 1280 193 1333 in
218 1290 307 1354 parte
333 1297 386 1334 sua
410 1280 508 1356 erigat
536 1279 631 1335 simile
652 1279 770 1356 signum
795 1279 881 1356 siguo
905 1278 987 1356 regis
1009 1276 1098 1349 illius,
1123 1288 1154 1332 nt

164 1366 244 1422 illius
274 1367 400 1441 populns
437 1367 556 1423 victoris
593 1367 709 1423 schema
747 1366 794 1422 sui
828 1365 909 1443 regis
946 1365 1089 1441 aspiciens
1127 1374 1154 1420 et

124 1453 281 1529 rosignurn
300 1454 398 1528 partis
421 1453 520 1529 ipsius,
550 1454 617 1508 dum
632 1463 717 1528 putat
740 1471 771 1509 se
793 1454 833 1508 ad
852 1453 1007 1528 proprium
1032 1470 1155 1508 currere

166 1559 277 1617 regem,
307 1539 440 1597 incurrat
463 1541 491 1596 in
516 1559 617 1596 manus
641 1540 810 1596 aduersarii
831 1541 892 1595 sui:
914 1540 956 1596 sic
978 1551 1005 1595 et
1022 1538 1155 1595 diabolus

164 1628 333 1684 subornabit
358 1628 506 1684 ministros
529 1646 596 1683 suos
619 1628 670 1682 sub
694 1627 808 1683 nomine
828 1627 949 1697 Christi,
974 1638 1004 1681 ut
1028 1627 1155 1682 volentes

165 1715 209 1770 ire
236 1717 276 1770 ad
302 1714 451 1770 Christum
481 1715 613 1771 homines
641 1714 831 1770 similitudine
861 1713 983 1770 nominis
1012 1713 1157 1769 tenebrati

166 1802 205 1857 ad
229 1802 374 1859 diabolum
400 1802 549 1858 vaderent.
584 1801 741 1876 Postquam
767 1820 836 1858 vero
860 1801 964 1857 noticia
992 1800 1105 1857 Christi
1127 1799 1154 1855 in

127 1894 226 1945 15toto
255 1889 362 1945 mundo
388 1889 536 1964 prevaluit
566 1900 593 1945 et
622 1889 731 1944 veritas
758 1889 905 1965 evangelii
927 1889 987 1944 eius
1001 1890 1089 1963 sacta
1113 1898 1155 1943 est

168 1977 323 2051 manifesta
346 1986 373 2031 et
396 1977 534 2032 mandata
552 1976 761 2051 discipulorum
785 1976 845 2032 eius
868 1976 986 2051 impleri
1008 1984 1155 2051 ceperant,

167 2064 223 2118 iant
248 2082 302 2118 uon
315 2074 463 2138 poterant,
487 2064 514 2119 si
534 2063 714 2119 submitteret
741 2063 898 2118 Christum.
924 2063 1023 2137 Neque
1046 2062 1156 2137 aliquid

166 2150 334 2207 submittere
358 2150 517 2221 uideretur,
545 2149 678 2224 quioniam
707 2151 787 2226 apud
811 2167 909 2205 omues
928 2150 1036 2225 fideles
1063 2149 1155 2205 maui-

165 2239 264 2312 sestus
291 2249 333 2293 est
360 2237 496 2293 Christus
523 2250 550 2293 et
577 2237 761 2314 evangelium
790 2236 850 2292 eius
877 2248 904 2291 et
927 2237 1054 2311 apostoli
1084 2237 1153 2293 eius.

125 2346 157 2377 πο
168 2326 226 2380 Sed
257 2326 315 2380 alio
349 2325 435 2380 modo
463 2325 603 2381 submittit
632 2324 828 2381 Antichristus
857 2324 944 2379 verba
970 2325 1154 2380 diversarum

168 2413 300 2467 heresum
317 2411 492 2482 introducta,
510 2423 540 2467 nt
551 2413 772 2486 unumquodque
787 2429 887 2466 eorum
905 2411 991 2479 dicat,
1017 2412 1084 2487 quia
1100 2429 1156 2488 ego

167 2518 229 2554 sum
251 2499 394 2568 Christus,
418 2499 596 2576 unigenitum
622 2499 741 2555 verbum
766 2498 831 2554 Dei.
859 2499 921 2554 Hec
940 2497 1154 2555 Crisostornus.

211 2589 253 2641 Ex
281 2585 345 2642 istis
373 2585 473 2642 verbis
502 2586 592 2642 hulus
622 2585 717 2642 sancti
747 2604 815 2642 cum
846 2585 925 2642 facto
959 2584 1156 2659 contingente

169 2672 295 2731 ecclesie
318 2687 404 2749 potes
428 2673 538 2729 elicere
562 2692 616 2747 per
632 2692 707 2748 quas
728 2674 862 2730 cautelas
883 2672 1023 2729 diabolus
1040 2671 1156 2728 seducit

126 2761 337 2832 25ecclesiam,
363 2774 395 2817 ut
420 2761 540 2834 planius
564 2760 680 2835 patebit
704 2759 864 2834 posterius.

435 3043 437 3045 ¹
523 2965 627 3028 cnr.
651 2964 798 3027 xxxi

212 3108 356 3184 Sequitur
384 3109 415 3165 in
444 3123 524 3166 textu
554 3109 715 3184 evangelii:
744 3109 884 3166 Atidituri
910 3109 977 3165 estis
1005 3109 1102 3185 prelia
1131 3121 1158 3165 et

169 3199 318 3273 opiniones
342 3198 517 3273 preliorum.
552 3198 651 3254 Videte
678 3215 713 3253 ne
743 3197 907 3253 turbemini.
936 3196 1060 3274 Oportet
1083 3198 1156 3254 enini

169 3285 221 3341 hec
250 3285 339 3361 fieri,·
375 3287 428 3342 sed
465 3285 591 3341 nondum
622 3285 712 3361 finis,·
749 3296 907 3364 consurget
943 3302 1018 3362 gens
1055 3295 1157 3341 contra

127 3381 159 3432 30
167 3383 284 3450 gentem
314 3384 342 3428 et
374 3392 499 3452 regnum
528 3373 556 3428 in
589 3390 725 3449 reguum,
758 3382 785 3429 et
817 3383 901 3429 erunt
930 3373 1100 3447 pestilencia
1131 3383 1158 3427 et

171 3461 273 3534 sames
296 3471 324 3516 et
347 3471 524 3517 terremotus
543 3478 600 3535 per
623 3461 696 3515 loca.
720 3460 785 3516 Hec
805 3470 900 3516 autem
922 3460 1018 3516 omnia
1040 3459 1157 3515 inicium

169 3558 235 3602 sunt
259 3547 380 3604 doloris.

214 3637 311 3708 Super
328 3653 388 3709 quo
405 3637 599 3708 leronymus:
629 3634 700 3690 Cum
726 3653 800 3713 ergo
823 3634 875 3691 hec
890 3633 966 3710 fieri
988 3633 1157 3704 viderimus,

171 3740 226 3776 non
258 3733 394 3796 putemus
428 3722 502 3777 diem
535 3722 646 3779 instare
678 3722 779 3777 indicii
803 3723 856 3778 sed
885 3722 912 3776 in
941 3732 1055 3797 tempus
1084 3721 1158 3775 illud

223 3970 242 4001 2.
258 3959 347 4002 codd:
364 3959 550 4003 introducebant.
604 3958 622 4002 5.
639 3961 675 4002 A:
691 3960 837 4015 impungant.
893 3958 1026 4004 o.n:i11e.
1082 3959 1162 4001 ran:

170 4011 320 4054 subornabat.
402 4013 433 4055 ui.
454 4015 489 4054 A:
504 4016 641 4066 temperant.
731 4023 761 4072 ¹7·
783 4013 816 4053 A:
840 4005 953 4053 Christos.
1030 4010 1105 4061 17‚18.
1129 4010 1159 4052 li:

172 4063 288 4106 Christum
306 4075 381 4120 neque
392 4065 561 4107 submittentem
576 4076 650 4119 neque
667 4063 765 4117 aliquid,
782 4063 804 4104 si
822 4062 940 4105 submittat
975 4063 1068 4105 uoniam
1087 4063 1159 4116 apud.

171 4115 259 4158 'sextus
274 4115 311 4158 hic
326 4124 450 4171 corruptus
465 4123 506 4158 cst.
529 4117 553 4159 ln
571 4115 617 4170 Op.
637 4116 696 4169 Imp.
712 4115 808 4169 legitur:
833 4119 868 4157 est
885 4115 1021 4166 mamerto,
1045 4117 1159 4157 mandata

172 4169 339 4223 discipulorum
359 4169 409 4212 eius
428 4169 550 4229 implicare
572 4169 619 4211 iam
634 4180 680 4210 non
703 4172 806 4222 poterat,
827 4167 871 4210 sed
885 4168 1030 4210 submitteret
1044 4166 1159 4210 Christos.

174 4233 204 4272 ui.
226 4225 259 4263 A:
275 4224 297 4262 et
317 4232 332 4262 a
350 4221 422 4263 ostoli
434 4233 484 4263 etus
497 4221 571 4263 twice.
652 4218 684 4262 23.
705 4220 763 4262 Ain
780 4232 866 4273 marg.:
885 4218 1010 4262 iohannes.
1087 4218 1122 4261 ab.
1138 4220 1158 4260 A

173 4272 195 4314 in
212 4285 297 4326 marga
321 4232 350 4315 ti:
370 4285 413 4332 31.ι
490 4271 521 4315 31.
544 4273 573 4315 n:
593 4272 672 4315 inicia.
753 4271 786 4315 33.
810 4273 832 4314 Α
856 4271 878 4313 in
901 4283 987 4324 marga
1011 4270 1158 4324 leronymus.

173 4322 209 4376 34.
225 4327 260 4367 A:
276 4330 364 4379 tempus
377 4325 451 4367 aliud.

227 4451 268 4511 34.
288 4449 377 4498 Mutth.
397 4450 486 4509 XXIV,
506 4448 582 4498 6-8.
603 4449 709 4497 Comm.
728 4449 753 4496 in
774 4446 863 4496 Matth.
883 4446 900 4496 1.
919 4462 941 4495 c.
960 4462 985 4510 p.
1009 4449 1063 4512 ¹93·

1040 4532 1056 4581 8
