3098 5130
183 486 250 528 cau.
267 472 361 554 lxvii
467 492 511 539 m:
531 489 767 540 uu'rtcnuts'so
788 490 851 540 tin.
870 491 888 539 t.

183 650 357 707 racionibus
382 650 451 707 lidei
478 652 651 725 reprobare,
676 651 748 725 quia
764 665 882 708 certum
907 665 1005 709 estex
1028 652 1084 707 hac
1109 650 1166 708 lide

184 738 343 812 evangelii:
368 741 434 794 Non
458 738 569 794 valebit
592 740 692 795 oleum
719 737 760 795 ita
784 753 933 813 emptum,
966 757 1035 798 curn
1060 757 1166 795 omnes

183 839 211 882 et
234 825 344 900 singuli
368 824 505 882 salvandi
522 825 624 883 dicent
640 825 846 884 concorditer:
871 826 917 883 Ne
930 828 1017 902 sorte
1033 845 1088 883 non
1104 829 1166 903 sus·

183 914 268 990 ficiat
292 913 372 970 nobis
400 924 427 970 et
460 913 549 985 uoltis,
583 914 622 969 ite
648 914 750 990 pocius
781 916 821 970 ad
853 915 1006 972 vendentes
1033 925 1060 970 et
1083 914 1168 970 emite

160 1001 278 1069 storin
301 1019 370 1057 nam
389 1019 444 1075 pro
468 1000 516 1059 die
533 1000 637 1057 iudicii
661 1001 870 1076 unusquisque
894 1002 1056 1059 salvandus
1080 1014 1166 1075 puta·
1204 1034 1269 1077 Mes„
1284 1035 1303 1077 is
1319 1043 1357 1079 ,Μ

184 1089 225 1144 bit
250 1102 346 1144 totum
381 1107 468 1145 suum
510 1086 651 1145 meritum
684 1088 758 1146 satis
791 1108 917 1164 parvum
950 1102 978 1146 et
1004 1104 1166 1163 cognoscet
1199 1088 1356 1130 transieram.

183 1177 264 1250 quod
287 1194 349 1232 non
382 1175 506 1232 habebit
529 1175 560 1232 in
584 1189 734 1251 potestate
766 1194 853 1233 suum
879 1176 1020 1234 meritum
1044 1175 1076 1232 in
1100 1194 1166 1250 per-

183 1281 256 1319 sona
280 1262 403 1320 alterius
436 1276 635 1333 commutare,
669 1263 741 1338 quia
764 1263 841 1321 sicut
875 1283 908 1321 ex
940 1263 1000 1321 fide
1028 1263 1165 1338 Apostoli

183 1351 372 1426 unusquisque
404 1369 476 1407 orites
502 1370 585 1407 suum
621 1351 761 1427 portabit,
793 1350 836 1408 sic
865 1365 893 1409 et
926 1350 1074 1425 premium
1100 1370 1166 1408 cor·

144 1440 402 1511 torespondenter
425 1440 463 1494 ad
481 1437 637 1507 meritum;
663 1437 693 1494 in
717 1437 888 1496 sinautem
914 1452 1039 1512 possunt
1063 1437 1166 1495 fideles

183 1525 349 1599 presbyteri
373 1527 503 1582 vendere
527 1524 728 1600 spiritualiter
751 1525 831 1583 istud
855 1527 956 1582 oleum
981 1527 1095 1601 absque
1118 1544 1165 1583 ar·

182 1627 271 1686 genta
296 1626 325 1669 et
349 1612 410 1669 ulla
434 1613 679 1670 commutacione
703 1613 881 1688 temporalis
905 1613 1075 1689 commodi3
1114 1615 1165 1670 sed

183 1715 253 1756 tunc
277 1714 398 1774 oportet
421 1702 503 1776 quod
527 1700 570 1758 sic
593 1718 695 1757 emens
720 1699 749 1757 in
773 1700 821 1758 via
844 1700 943 1775 ipsum
967 1703 1069 1758 oleum
1094 1699 1166 1757 lacit

182 1806 246 1844 esse
262 1807 360 1846 suum.
386 1789 456 1844 ldeo
472 1787 626 1862 signanter
642 1787 715 1845 dicit
731 1788 937 1863 evangelium:
961 1788 1058 1845 Emite
1075 1789 1164 1845 uoltis.

145 1882 170 1930 15
225 1874 430 1932 crisostomus
463 1889 563 1932 autem
599 1894 691 1949 super
728 1875 787 1932 isto
820 1889 901 1933 textu
933 1875 976 1933 sic
1015 1875 1164 1951 loquitur:
1195 1890 1362 1953 chrysostom:

183 1963 404 2038 Responderunt
420 1964 580 2038 prudentes
603 1974 656 2019 etc.
685 1961 818 2020 Ostendit
839 1964 868 2019 in
891 1963 946 2020 hiis
969 1964 1066 2020 uerbis
1088 1963 1166 2039 quod
1194 1943 1365 2051 Εξῗυξῗιζζξξιῗ

182 2050 221 2105 ita
245 2051 376 2106 terribile
398 2061 441 2107 est
465 2050 539 2106 illud
561 2050 698 2105 iudicium
715 2052 856 2126 futurum
880 2051 958 2126 quod
980 2052 1061 2107 nulla
1084 2051 1164 2106 inno·
1224 2050 1283 2092 ΜΗ
1299 2052 1335 2092 tte.

182 2137 276 2193 cencio
300 2138 356 2194 sibi
377 2137 518 2214 confidat3
543 2148 569 2193 et
594 2156 662 2194 uere
681 2138 746 2211 quia
769 2141 794 2194 si
815 2138 879 2214 quis
908 2149 992 2194 natus
1015 2148 1056 2194 est
1079 2139 1165 2194 homo

183 2225 218 2279 de
240 2225 361 2281 muliere
384 2224 433 2300 qui
455 2225 549 2282 credit
564 2224 670 2280 iustum
694 2243 725 2282 se
747 2242 810 2281 esse
832 2225 1031 2281 inveniendum
1048 2225 1076 2281 in
1099 2243 1166 2281 con-

141 2334 172 2368 20
181 2322 279 2388 spectu
303 2312 382 2368 illius
405 2313 441 2368 de
463 2331 519 2388 quo
543 2311 723 2369 beatissimus
745 2312 799 2368 Jot
823 2312 906 2368 dicit:
935 2313 1025 2369 Stelle
1047 2312 1075 2368 in
1099 2330 1165 2368 con·

181 2410 279 2475 spectu
303 2399 363 2455 eius
395 2418 450 2455 uon
477 2410 542 2456 sunt
566 2400 681 2470 munde,
714 2410 740 2455 et
764 2400 856 2456 celum
879 2398 941 2455 sine
967 2399 1090 2456 crimine
1111 2417 1166 2455 non

183 2496 233 2544 est.
264 2487 297 2542 Si
324 2505 398 2564 erpo
422 2487 616 2563 impeccabilis
644 2497 751 2543 natura
774 2487 928 2543 stellarum
952 2498 979 2542 et
1003 2487 1058 2543 celi
1079 2504 1166 2561 quan-

183 2584 242 2628 tum
266 2574 306 2628 ad
333 2574 475 2630 iusticiam
500 2574 558 2629 Dei
579 2574 725 2630 inuenitur
747 2592 808 2631 esse
831 2574 995 2649 peccatrix,
1023 2575 1167 2649 quomodo

183 2672 250 2716 arne
264 2679 328 2716 eum
353 2672 494 2737 appareat
514 2661 615 2732 iustus,
639 2661 719 2718 cuius
740 2673 767 2717 et
782 2661 844 2718 sine
861 2662 1009 2718 uoluntate
1026 2660 1168 2737 peccandi

142 2755 289 2804 25uatura
322 2749 383 2823 ipsa
403 2758 553 2824 peceatum
577 2759 630 2819 est,
663 2748 773 2805 dicente
795 2748 951 2824 Apostolo:
988 2748 1058 2827 Ego
1080 2749 1167 2804 homo

183 2835 312 2891 carnalis
330 2854 404 2907 sum,
429 2837 619 2893 venumdatus
634 2837 686 2891 sub
704 2847 840 2911 peccato:
862 2837 939 2911 quod
961 2835 1034 2892 eninr
1059 2852 1168 2911 operor

183 2941 238 2978 nim
272 2922 422 3000 intelligo;
454 2942 508 2979 uon
532 2922 605 2978 enim
638 2924 715 2998 quod
739 2923 804 2981 uolo
827 2923 881 2979 ltoc
909 2942 979 3000 ago,
1016 2924 1068 2978 sed
1090 2924 1168 2998 quod

183 3010 249 3065 nolo
273 3009 347 3064 illud
370 3028 439 3087 ago,
475 3022 502 3066 et
524 3010 581 3066 iam
606 3029 661 3066 uon
685 3028 741 3088 ego
764 3028 873 3085 operor
895 3007 979 3081 illud,
1016 3010 1069 3067 sed
1090 3011 1167 3086 quod

183 3097 293 3152 liabitat
316 3097 344 3151 iu
381 3115 427 3153 me
446 3108 609 3173 peccatum.
653 3098 761 3153 Tantus
794 3097 868 3154 euim
901 3097 991 3153 timor
1021 3108 1089 3153 tunc
1111 3097 1167 3153 erit

141 3184 308 3241 [itiittuttt'ttttt
333 3184 423 3239 eciam
447 3196 625 3254 sauctorum,
663 3195 693 3239 ut
716 3202 800 3241 uerno
821 3203 853 3241 se
874 3195 971 3260 speret
993 3184 1099 3240 iustum
1124 3184 1166 3240 iu-

184 3271 351 3327 ueniendum
375 3272 427 3328 sed
449 3273 545 3327 adhuc
569 3271 677 3341 timeat,
701 3290 735 3328 ue
749 3272 837 3346 sorte
861 3290 928 3328 reus
951 3272 1067 3327 existat.
1096 3271 1168 3340 Quis

182 3358 255 3413 enim
276 3370 372 3435 potest
404 3360 444 3414 od
463 3360 627 3434 perfectum
652 3358 815 3414 diiudicare
852 3359 1059 3416 conscienciam
1083 3377 1165 3414 suam

182 3457 208 3499 et
231 3464 409 3521 cognoscere
425 3464 477 3502 cor
499 3464 583 3502 suum
600 3464 664 3501 cum
688 3446 725 3501 sit
748 3446 905 3521 scriptum:
933 3446 1008 3513 Quia
1033 3446 1068 3501 de
1091 3446 1169 3500 outui

184 3534 271 3588 uerbo
306 3534 402 3589 ociosa
427 3532 575 3588 reddituri
599 3552 700 3599 sumus
728 3533 897 3589 racionem?
935 3533 1088 3599 Quomodo
1110 3551 1167 3607 pro

141 3622 382 3693 [tfipeccatoribns
405 3621 585 3676 intercedant
608 3621 709 3689 satuti,
733 3638 798 3676 cum
823 3621 942 3675 timeant
966 3620 1001 3675 de
1024 3637 1063 3674 se.
1090 3620 1165 3673 Nam

182 3708 254 3762 sicut
286 3719 398 3782 tempus
433 3708 633 3763 misericordie
665 3707 800 3762 iudicium
831 3726 885 3761 uon
911 3707 1040 3781 suscipit,
1077 3706 1169 3761 sicet

183 3806 295 3869 tempus
318 3796 418 3849 iudicii
440 3795 673 3850 misericordiam
699 3814 754 3849 non
780 3795 889 3869 recipit.
923 3792 996 3851 Ideo
1020 3794 1047 3848 in
1068 3793 1167 3868 primo

234 4092 261 4134 15.
278 4094 298 4134 A
315 4092 336 4134 iu
353 4104 440 4145 marn:
457 4091 621 4134 Crerostomus.
682 4102 714 4135 to.
730 4091 763 4133 A:
777 4103 803 4133 se
816 4090 887 4133 deest.
951 4089 1040 4142 23-24.
1055 4092 1088 4132 A:
1105 4092 1167 4145 Quo·

182 4144 249 4185 modo
263 4150 339 4187 autem
353 4150 477 4199 apparent.
558 4144 594 4186 ao.
610 4146 643 4185 A:
662 4144 815 4186 venumdatus
830 4144 908 4191 deest:
929 4142 984 4185 lliu
1001 4154 1074 4196 marg.
1094 4144 1167 4185 addit.

182 4198 208 4238 etl
227 4197 258 4238 lt:
271 4197 374 4239 atanasi.
430 4210 466 4239 eu.
481 4199 515 4239 A:
531 4197 590 4238 enirn
601 4196 672 4237 deest
728 4195 756 4237 lt.
774 4196 801 4237 tt:
810 4193 962 4251 sortem-esi.
1017 4193 1049 4237 33.
1065 4195 1094 4238 tt:
1105 4198 1169 4250 quiid

181 4254 210 4290 ne
224 4252 292 4291 trmttt.
361 4247 392 4292 35.
409 4251 442 4291 A:
458 4254 480 4291 et
494 4250 600 4290 timeant.
668 4246 702 4301 37.
719 4250 752 4290 A:
767 4260 814 4289 nou
828 4247 932 4301 reaccipit.

236 4378 257 4425 3.
269 4375 359 4423 llnttb.
371 4376 449 4435 XXV,
460 4392 484 4440 i).
526 4372 563 4422 ui.
577 4374 702 4438 Oplmp.
714 4375 730 4427 l.
741 4389 762 4422 c.
774 4389 832 4437 pag.
842 4371 902 4438 otii.
941 4388 972 4421 so
986 4374 1043 4423 Job.
1054 4374 1132 4434 xxV,
1145 4390 1168 4423 s.

183 4446 223 4494 25.
243 4446 318 4493 Rom.
340 4446 392 4505 vlt,
417 4459 525 4508 14-17.
572 4446 611 4495 33.
631 4443 722 4492 Alattlt.
740 4443 795 4503 llll,
816 4442 856 4493 iti.
