3098 5130
162 507 228 551 CAP.
244 507 326 551 xxvi.
461 511 506 562 DE
526 509 763 560 ANTlCHRlSTO
784 510 847 559 ΗΒ.
866 510 884 560 Ι.

161 674 202 729 sic
225 684 252 729 et
275 684 342 729 onte
358 672 472 728 ruinam
496 682 545 727 aut
567 671 691 727 hominis
714 680 764 726 aut
787 670 844 726 loci
858 670 981 726 alicuius
1003 681 1054 726 aut
1077 669 1146 725 civi·

162 760 230 816 tatis
257 759 479 816 inemendabilia
505 759 668 835 precedunt
696 769 828 835 peccata.
861 757 901 814 Et
928 757 1002 815 sicut
1029 757 1107 832 pulli
1130 775 1147 811 a

161 858 257 903 matre
287 847 464 922 frequenter
510 847 606 903 uocati
636 865 700 904 cum
739 863 794 902 non
827 845 1011 901 obaudierint
1059 861 1149 921 neque

160 935 252 991 secuti
265 935 383 1010 suerint
407 946 541 1004 matrem,
574 945 670 989 matre
701 932 817 1011 longius
843 933 964 989 abeunte
991 943 1042 987 aut
1074 930 1149 988 venit

137 1022 301 1097 5accipiter
323 1032 350 1078 et
374 1021 477 1096 diripit
492 1039 542 1077 eos
564 1032 614 1076 aut
638 1020 755 1098 longius
778 1032 944 1097 evagantur
965 1029 994 1075 ut
1015 1029 1149 1094 pereant,

160 1109 202 1166 sic
228 1120 255 1165 et
278 1109 405 1166 Domino
427 1110 605 1184 frequenter
630 1108 740 1165 Judeos
767 1118 896 1177 vocante,
928 1106 1063 1183 quoniam
1093 1124 1149 1162 non

162 1196 354 1252 obaudierunt
378 1213 467 1273 neque
492 1195 583 1252 secuti
601 1197 728 1269 suerunt
752 1213 826 1266 eum,
856 1195 1007 1251 recedente
1034 1191 1086 1249 illo
1114 1193 1150 1248 ab

163 1284 218 1340 hiis
233 1284 273 1339 ad
288 1294 399 1361 gentes,
417 1283 493 1340 uenit
507 1283 592 1359 quasi
601 1282 741 1358 accipiter
757 1300 814 1339 rex
829 1283 978 1338 Romanus
994 1292 1021 1337 et
1033 1290 1149 1356 partem

163 1371 276 1446 quidem
305 1389 404 1427 eorum
434 1371 557 1426 comedit
577 1370 665 1445 same
696 1381 722 1426 et
749 1369 862 1446 gladio,
895 1368 948 1424 alii
968 1379 1064 1424 autem
1094 1384 1152 1443 per

124 1458 297 1536 tosingulas
317 1458 487 1533 prouincias
511 1457 637 1533 dispersi
658 1467 735 1526 sunt,
760 1468 790 1511 ut
811 1456 953 1532 perirent,

206 1546 282 1602 Dico
305 1545 379 1602 enim
397 1544 492 1601 vohis:
515 1545 581 1600 Non
598 1562 643 1600 me
660 1543 790 1600 ridebitis
805 1544 911 1600 asnodo
929 1543 1018 1599 donec
1034 1541 1153 1598 dicatis:
1175 1551 1245 1595 lsrael
1262 1549 1308 1594 wilt
1325 1551 1352 1593 be

163 1633 337 1690 Benedictus
352 1632 402 1708 qni
411 1631 485 1689 uenit
502 1632 530 1686 in
546 1631 660 1687 nornine
677 1630 804 1687 Domini.
817 1630 1045 1687 Predecessores
1055 1638 1150 1684 autem
1162 1605 1313 1700 ῑὴζοῗίἶξῗζάῑ
1325 1610 1364 1698 ᾖξε

163 1721 258 1777 nostri
277 1731 429 1796 exponunt
449 1719 528 1776 circa
550 1719 643 1794 ipsum
662 1718 736 1774 diem
759 1717 858 1774 iudicii
876 1729 903 1774 et
924 1715 1153 1774 resurreccionis
1172 1709 1216 1752 ¹²⁵1
1230 1707 1359 1763 judgmens.

163 1808 303 1882 quosdam
321 1807 486 1864 credituros
501 1807 529 1861 in
549 1806 709 1864 Christum.
739 1806 825 1873 Quod
847 1815 873 1860 et
888 1804 1046 1881 Apostolus
1061 1803 1153 1880 signi·

125 1903 153 1954 15
155 1895 253 1971 ficare
263 1895 388 1963 videtur,
400 1894 511 1950 dicens:
526 1893 578 1948 Eu
590 1905 679 1969 parte
689 1893 794 1950 cecitas
804 1892 926 1969 contigit
940 1893 968 1947 in
977 1890 1152 1958 Jerusalem,

164 1984 255 2038 donec
284 1982 435 2056 plenitudo
465 1981 601 2058 gencium
642 1981 767 2037 intraret
799 1991 825 2036 et
857 1980 899 2036 sic
931 1979 1024 2035 omnis
1058 1977 1154 2034 Israel

164 2069 265 2126 saluus
278 2068 385 2144 fieret,
412 2079 439 2124 et
461 2085 581 2144 sequens
604 2067 655 2123 illa
680 2068 767 2125 leccio
791 2079 851 2124 tota
880 2068 935 2124 hoc
958 2066 1056 2123 dicere
1079 2065 1154 2122 uelle

166 2157 289 2212 uidetur.

209 2244 243 2299 Si
262 2243 326 2319 quis
349 2254 445 2298 autem
470 2241 631 2298 misterium
655 2242 709 2297 hoc
728 2260 786 2318 per
801 2243 875 2298 illud
895 2252 980 2316 putat
1003 2239 1151 2316 impletum
1237 2248 1298 2291 Thai

1168 2302 1308 2344 conversion
1323 2302 1366 2342 has

124 2332 244 2405 sopitod
271 2331 298 2386 in
327 2330 438 2385 actibus
465 2330 665 2404 apostolorum
695 2328 815 2406 legitur,
845 2329 933 2384 Petro
962 2329 1082 2384 docente
1104 2337 1153 2382 aut
1182 2359 1354 2448 notgcscome

165 2418 231 2474 aliis
253 2417 393 2493 apostolis
416 2416 614 2473 crediderunt.
639 2415 785 2493 intelligat
808 2426 935 2491 propter
961 2425 1022 2470 tres
1050 2431 1154 2469 causas
1225 2412 1304 2449 ³⁰¹¹*-

166 2524 220 2560 non
245 2523 307 2561 esse
330 2521 443 2559 uerum.
468 2503 570 2559 Primo
594 2503 659 2577 quia
684 2513 750 2560 tunc
763 2521 838 2578 pars
858 2501 972 2559 modica
995 2501 1152 2557 secundum

165 2592 333 2648 eleccionem
362 2591 498 2657 credidit,
530 2609 585 2647 non
618 2601 696 2647 totus
723 2590 827 2663 lsrael,
859 2589 984 2646 secundo
1017 2588 1082 2663 quia
1111 2587 1156 2643 illi

166 2690 233 2735 ante
250 2690 353 2756 gentes
375 2678 573 2748 crediderunt,
598 2695 653 2733 non
666 2688 734 2752 post
749 2688 860 2755 gentes.
888 2675 1041 2733 Plenitudo
1057 2685 1153 2731 autem

127 2771 154 2821 25
165 2766 299 2844 gencium
323 2784 378 2821 non
400 2776 468 2820 tnnc
488 2766 585 2821 adhuc
601 2765 757 2820 introierat
772 2765 824 2820 sed
840 2764 1040 2835 inchoaverat,
1064 2761 1154 2818 tercio

166 2855 243 2928 quod
270 2854 385 2928 picando
415 2854 466 2909 hec
481 2854 569 2927 sacta
590 2853 761 2927 predicebat
784 2851 941 2927 Apostolus
969 2851 1028 2906 iam
1052 2859 1154 2927 gentes

167 2942 354 2996 crediderunt
377 2951 403 2995 et
418 2940 505 2995 Judei
519 2940 568 3014 qui
582 2941 708 3014 fuerant
731 2939 889 3009 credituri,·
910 2950 936 2994 et
959 2951 1054 2993 tamen
1077 2939 1155 3011 Apo·

167 3028 259 3084 stolus
281 3027 428 3105 sigm'ficat
453 3027 618 3083 credituros
633 3027 740 3083 ludeos
758 3027 853 3083 dicens
873 3027 913 3081 ad
934 3035 1054 3103 gentes:
1075 3024 1156 3080 Sicut

168 3116 241 3171 enim
276 3133 327 3171 nos
359 3114 517 3189 aliquando
549 3133 604 3170 non
637 3113 804 3170 credidistis
837 3113 912 3185 Deo,
951 3130 1026 3169 nunc
1059 3123 1155 3168 autem

127 3208 158 3256 30
168 3202 402 3259 misericordiam
432 3202 577 3258 consecuti
604 3201 672 3258 estis
699 3211 825 3276 propter
852 3200 971 3257 illorum
1000 3199 1157 3256 increduli·

169 3301 266 3360 tatem,
291 3290 331 3344 ita
355 3300 382 3345 et
405 3289 450 3344 illi
472 3307 546 3344 num
570 3307 625 3345 non
650 3288 839 3344 crediderunt
862 3288 889 3343 in
914 3299 1012 3344 nestra
1034 3286 1156 3343 misera-

168 3378 257 3445 cione,
282 3388 311 3432 nt
335 3376 391 3451 ipsi
413 3376 647 3432 misericordiam
671 3386 895 3450 consequantur,
919 3375 1059 3431 conclusit
1075 3374 1159 3430 Deus

168 3482 280 3521 omnem
298 3463 529 3520 incredulitatem
551 3475 582 3519 ut
602 3462 732 3519 omnihus
748 3462 932 3528 misereatur,
956 3462 1053 3518 dicens
1069 3478 1160 3539 ergo:

169 3552 282 3608 Amodo
318 3570 373 3607 non
415 3569 460 3606 me
496 3550 638 3621 uidebitis,
676 3551 767 3607 donec
800 3549 953 3625 perveniat
986 3558 1099 3624 tempus
1130 3548 1158 3603 in

128 3644 223 3713 hiquo
247 3638 357 3696 dicitis:
390 3637 564 3694 Benedictus
586 3637 636 3713 qui
656 3637 732 3693 uenit
759 3637 787 3692 in
812 3637 925 3692 nomine
948 3635 1083 3704 Domini,·
1105 3635 1160 3691 hoc

170 3726 267 3783 dicere
291 3725 360 3798 vult,
384 3722 475 3784 donec
500 3725 594 3781 veniat
610 3735 735 3799 tempus,
759 3724 787 3779 in
804 3742 858 3799 quo
875 3723 1025 3779 credentes
1042 3720 1161 3777 dicatis:

171 3814 344 3869 Benedictus
384 3812 433 3887 qui
466 3812 541 3869 venit
578 3813 605 3867 in
644 3812 759 3868 nomine
789 3810 917 3868 Domini.
958 3808 1161 3885 Spiritualiter

171 3901 244 3956 enim
266 3912 307 3957 est
329 3900 428 3957 videre
452 3899 601 3956 Christum
626 3900 654 3955 in
670 3898 736 3976 fide
758 3915 945 3976 cognoscere,
967 3897 1040 3953 sicut
1063 3906 1159 3952 autem

215 4121 244 4164 o.
261 4120 350 4182 §lodda
369 4123 478 4166 dominus
493 4153 498 4163 .
515 4153 520 4163 .
539 4133 653 4164 .uocans.
721 4120 744 4172 6,
759 4131 779 4173 7.
795 4119 826 4162 B:
847 4118 942 4174 quando
957 4129 1004 4179 non
1023 4116 1159 4160 audierunt.

172 4175 341 4236 7.Αιι11ιιηι.1
394 4172 472 4236 13:¹³²
493 4178 593 4229 ponunt.
648 4172 870 4232 14.A:e'tdeest.·
914 4173 1160 4232 32.Asnmnrg.:1.

172 4224 205 4268 23.
220 4226 250 4268 B:
265 4238 376 4288 quoniam
391 4227 433 4270 tlh.
474 4225 552 4270 luA:
568 4237 613 4269 non
629 4225 701 4268 deest.
743 4221 776 4267 33,
792 4224 821 4267 B.
836 4228 979 4267 misercatur.
1017 4220 1112 4284 '34-30.
1128 4221 1164 4284 ¹3².

170 4284 293 4375 pdrgggmat
303 4278 541 4374 {ssdssnecefissfsi'mt
564 4277 650 4331 35-37.
666 4277 695 4321 ss:
711 4276 756 4320 hoc
772 4277 852 4321 dicere
865 4275 1051 4319 vult—nomme
1067 4275 1161 4320 Domrm

232 4471 271 4519 14·
291 4456 368 4504 Rom.
386 4456 430 4517 xl,
451 4457 491 4520 25,
511 4454 552 4505 26.
608 4453 648 4505 28.
669 4455 747 4505 Rom.
766 4455 809 4517 Xl,
828 4454 941 4507 30-32.
