3098 5130
358 428 449 478 orus
467 428 721 477 nvnuomrcuu
743 429 805 478 rra.
824 429 864 478 m.
984 411 1071 495 [cuv.
1087 425 1122 469 n.

124 589 264 658 l)omini;
293 602 321 643 et
346 587 388 644 sic
412 590 449 644 de
472 588 539 644 aliis
564 587 711 663 nequiciis
736 603 863 645 mortem
890 587 1013 645 Domini
1038 608 1117 646 con-

124 675 318 733 cernentibus
343 674 530 749 evangelium
556 675 628 732 satis
651 674 772 748 spissim
797 690 924 732 testatur
947 678 1030 751 quod
1055 678 1118 733 hoc

125 762 297 836 capitaliter
321 761 433 818 iactum
459 762 513 818 fuit
538 782 591 836 per
614 764 786 820 sacerdotes
805 777 833 819 et
850 782 920 819 suos
937 762 1117 837 complices,

125 848 197 925 quia
214 849 344 923 graviter
367 848 504 906 ferebant
528 848 620 907 vitam
639 849 763 921 Christi,
781 868 816 906 eo
840 852 921 925 quod
946 850 1009 925 ipse
1025 869 1116 907 suam

126 935 288 994 avariciam
313 949 342 992 et
365 935 423 992 alia
448 949 573 1011 peccata
597 937 725 993 subdola
750 936 931 1011 reprobavit.
1130 943 1146 991 5

169 1022 310 1080 Tercium
345 1036 445 1079 autem
482 1022 691 1079 sacerdocium
726 1025 807 1098 quod
831 1023 886 1080 luit
909 1020 1058 1098 optimum
1085 1024 1117 1081 in

127 1112 191 1184 lege
224 1109 324 1185 gracie
358 1108 574 1184 principiatum
609 1124 652 1167 est
685 1129 702 1167 a
736 1109 866 1167 Domino
889 1113 958 1167 lesu
982 1109 1117 1179 Christo,

126 1212 154 1255 et
179 1197 257 1253 istud
282 1197 490 1254 sacerdocium
516 1197 649 1254 creditur
673 1215 737 1254 esse
760 1196 791 1253 in
808 1197 940 1272 peiorari
964 1201 1116 1273 usquead

126 1287 288 1342 adventum
319 1283 509 1358 proditorum
534 1282 720 1353 Antichristi
755 1297 783 1341 et
815 1284 892 1341 sicut
915 1284 993 1341 istud
1016 1303 1118 1343 sacer-

126 1370 248 1428 docium
273 1370 470 1446 undiquaque
494 1385 557 1427 erat
581 1369 743 1446 optimum,
779 1370 821 1427 sic
845 1371 1016 1428 necessario
1041 1374 1168 1429 dumio

128 1477 301 1533 perversum
335 1458 424 1514 luerit
457 1456 512 1515 erit
547 1457 722 1531 pessimum,
757 1458 827 1533 quia
859 1473 920 1515 tarn
957 1458 988 1515 in
1027 1461 1118 1516 rebus

127 1545 315 1602 naturalibus
348 1564 439 1619 quam
466 1545 494 1600 in
520 1544 685 1602 moralibus
709 1547 781 1601 dum
806 1564 852 1601 res
872 1547 951 1602 bone
976 1564 1117 1620 perverse

128 1631 237 1688 luerint
272 1645 304 1688 ut
338 1631 434 1705 magis
466 1634 544 1688 bone
568 1632 697 1693 fuerant.
732 1645 800 1688 sunt
829 1634 1023 1707 postmodum
1048 1636 1118 1707 plus

129 1737 281 1793 perverse3
314 1733 342 1775 et
376 1719 431 1775 hec
463 1719 546 1775 racio
581 1733 680 1777 movet
703 1721 851 1794 quosdam
885 1722 966 1795 quod
994 1734 1118 1793 oportet

129 1805 349 1862 Antichristum
365 1807 546 1862 descendere
574 1809 611 1863 de
634 1805 714 1863 linea
737 1806 855 1880 generis
879 1806 1054 1864 sacerdotis.
1079 1809 1118 1864 Et
1135 1817 1165 1865 ιδ

128 1906 235 1949 notant
271 1892 373 1949 fideles
405 1895 559 1966 quomodo
592 1893 651 1949 vita
685 1906 713 1950 et
748 1895 793 1950 lex
816 1893 927 1950 Christi
960 1907 1005 1950 est
1038 1894 1119 1951 basis

129 1979 266 2036 fidelibus
290 1981 327 2034 ad
352 1977 583 2036 discernendum
603 1983 757 2054 quomodo
774 1980 877 2037 lideles
893 1983 1003 2038 debent
1019 1981 1119 2038 vivere

130 2080 158 2123 et
191 2079 338 2141 quantum
370 2068 541 2123 sacerdotes
566 2065 702 2124 moderni
732 2067 762 2122 in
786 2067 845 2123 vita
869 2086 886 2124 a
909 2067 970 2125 vita
994 2067 1117 2124 Domini

129 2152 328 2210 diversantur.
361 2156 438 2210 Nam
471 2152 548 2210 sicut
580 2153 610 2210 in
641 2156 705 2228 lege
729 2154 821 2210 veteri
845 2168 982 2229 tempore
1006 2152 1117 2212 Christi

131 2241 250 2296 fuerunt
275 2238 442 2317 pontifices,
466 2239 563 2297 scribe
588 2255 616 2298 et
640 2240 781 2314 pharisei,
811 2240 853 2297 sic
878 2240 907 2299 in
930 2243 995 2315 lege
1018 2241 1169 2316 gracie-2«,

130 2340 200 2383 sunt
234 2326 351 2402 peiores
385 2346 475 2401 papa.
510 2330 650 2384 doctores
683 2342 711 2385 et
745 2327 887 2401 religiosi,
921 2343 950 2385 et
977 2328 1054 2385 sicut
1088 2328 1120 2386 in

130 2429 267 2488 ternpore
291 2413 403 2472 Christi
427 2415 548 2471 luerunt
573 2413 716 2485 Pharisei,
741 2414 870 2471 Saducei
891 2414 895 2491 Ι
917 2429 945 2472 et
968 2414 1061 2487 Essei‚
1086 2430 1120 2471 ut
1150 2432 1222 2491 405·

131 2501 203 2558 dicit
228 2503 333 2558 Petrus
358 2502 527 2573 Comestor‚
560 2520 687 2559 narrans
720 2501 852 2576 ipsorum
887 2501 1117 2559 distinccionem

132 2603 160 2646 et
184 2588 297 2644 rituum
321 2587 535 2659 variacionem,
569 2588 612 2645 sic
645 2588 734 2645 hodie
762 2602 831 2645 sunt
865 2603 923 2646 tres
947 2604 1027 2646 secte
1052 2589 1121 2646 reli-

131 2675 267 2749 gionum,
292 2674 406 2732 scilicet
432 2674 583 2742 monachi,
609 2675 747 2733 canonici
765 2690 855 2750 atque
873 2676 989 2733 fratres.
1015 2675 1120 2734 Scribe
1133 2690 1166 2738 25

132 2776 234 2820 autem
259 2765 426 2819 creduntur
449 2781 512 2819 esse
536 2764 676 2820 doctores
700 2762 773 2836 legis
790 2762 902 2831 divine,
926 2764 1121 2820 observantes

134 2848 330 2923 principalius
354 2849 542 2906 ceremonias
566 2869 641 2924 quas
665 2850 806 2906 humanis
830 2849 1050 2907 tradicionibus
1075 2851 1121 2906 in-

133 2949 289 3005 venerunt,
315 2937 417 3010 quales
441 2936 472 2992 in
496 2936 681 2994 consistoriis
698 2936 910 3012 episcoporum
934 2952 1003 2993 sunt
1020 2937 1120 3001 hodie,

134 3026 185 3080 sed
225 3023 386 3098 utrobique
423 3037 492 3079 sunt
526 3023 662 3080 moderni
702 3024 842 3098 discipuli
874 3023 1051 3082 Antichristi
1090 3024 1120 3080 in

136 3110 250 3184 peccati
276 3109 394 3166 malicia
419 3110 549 3167 exaltati.
1133 3128 1169 3176 30

48 3268 53 3277 ι
68 3266 74 3275 ¹
180 3199 211 3251 ln
226 3196 311 3252 cuius
326 3196 443 3270 signum
456 3196 593 3254 Christus
608 3199 645 3253 de
656 3196 727 3270 ipsis
744 3196 816 3253 dicit
834 3199 958 3255 Matthei
972 3200 1073 3259 XXlll.
1085 3216 1119 3273 3:

40 3268 72 3346 ’.Ϊ
140 3283 244 3339 (bunia
277 3301 441 3359 quecunque
473 3284 603 3340 dixerint
637 3284 716 3340 vobis
750 3296 865 3340 ,servate
897 3297 924 3341 er
939 3286 1044 3360 facite,
1079 3286 1121 3341 sic

135 3384 236 3426 autem
262 3370 399 3426 Christus
423 3389 482 3426 non
509 3371 623 3428 diceret
647 3369 738 3427 hodie
761 3371 872 3428 nostris
888 3371 1027 3446 satrapis,
1052 3390 1120 3428 curn

136 3458 180 3514 vel
219 3470 319 3514 tacent
351 3458 397 3514 vel
421 3457 524 3514 dicunt
564 3457 721 3514 mendacia
756 3477 817 3514 non
857 3459 1025 3516 conformia
1064 3458 1121 3531 legi

136 3544 258 3602 Christi.
292 3548 359 3601 Non
395 3545 476 3601 enim
501 3545 556 3602 suit
584 3544 614 3601 in
638 3558 776 3618 tempore
800 3545 911 3603 Christi
936 3566 971 3604 ac
995 3546 1167 3610 istorum35

136 3631 302 3688 scribarum
337 3644 366 3687 et
391 3631 598 3705 phariseorum
632 3633 676 3688 lex
700 3631 876 3689 Antichristi
902 3647 963 3690 tam
989 3631 1122 3707 plenarie

137 3733 169 3775 ut
186 3719 275 3776 hodie
292 3719 478 3783 introducam
504 3719 571 3777 ideo
584 3718 721 3776 Christus
739 3733 811 3776 tunc
834 3720 920 3776 dixit:
950 3722 1124 3793 Quectmque

190 4016 208 4059 3.
232 4018 265 4058 A:
281 4028 308 4058 cu
327 4016 421 4059 itultter.
490 4032 511 4059 o.
528 4021 549 4060 ‚l
570 4020 592 4060 iu
616 4030 702 4069 maru:
718 4031 743 4069 3.
803 4022 875 4060 b-vo.
892 4019 925 4058 A:
942 4016 1123 4058 creditur-va-

137 4069 268 4110 cerdoct'um
312 4076 366 4109 cest.
423 4069 449 4110 15.
471 4074 490 4112 Α
515 4072 537 4112 in
560 4082 645 4121 niara:
667 4070 730 4123 quod
743 4075 834 4123 oportet
848 4068 1012 4111 ilnlr'clvrr'slum
1032 4067 1123 4110 descen-

136 4122 193 4162 dere
206 4121 235 4164 de
249 4121 312 4162 linea
327 4122 424 4173 generes
436 4122 574 4165 sacerdotis.
643 4128 724 4176 rb-ry.
743 4126 775 4163 A:
798 4120 913 4175 quoinodo
924 4117 1037 4169 -fideles
1052 4119 1122 4160 deest.

138 4172 169 4215 21³.
185 4175 207 4216 A
222 4174 244 4216 in
261 4184 347 4225 mare:
363 4169 431 4215 Nota.

191 4284 230 4335 23.
260 4284 326 4332 Petri
356 4283 516 4332 Comestoris
541 4283 599 4331 llist
627 4282 726 4347 Evang.
756 4281 820 4344 Cap.
848 4279 943 4327 XXXl:
975 4278 1013 4326 De
1042 4276 1124 4326 tribus

137 4353 214 4401 sectis
232 4354 387 4402 Judeorum.
