3030 5130
152 421 219 466 cau.
236 408 288 490 xa]
429 426 473 475 nr.
493 423 729 474 aurrcuarsro
751 424 814 473 ura.
834 424 862 473 ιι.
1299 428 1357 486 3²¹

153 585 321 661 preciosius
355 604 446 660 quarn
481 586 594 640 bonum
630 583 754 658 aliquod
778 585 955 658 temporale.
985 584 1016 642 Si
1040 598 1141 643 autem
1183 611 1328 657 „pp-1110,

153 674 211 731 sint
236 673 266 731 in
284 671 436 747 corporali
453 671 589 747 penuria,
615 673 696 747 quod
721 671 845 746 quidam
864 686 971 728 vocant
990 671 1019 728 in
1037 671 1143 728 ultima
1156 658 1362 759 lecffvglblggiffll

155 761 344 831 necessitate,
385 760 488 817 fideles
527 759 577 833 qui
609 761 721 816 habent
759 761 796 816 ad
833 761 890 816 hoc
925 759 1142 817 suflicienciam
1186 730 1325 811 grener(

153 847 369 923 temporalium
387 861 478 922 atque
503 847 642 920 potencie
660 848 771 902 debent
795 865 847 903 eos
870 846 901 902 in
924 846 1144 920 temporalibus

128 939 221 994 §cum
247 933 412 1010 prudencia
437 933 589 1004 adiuvare,
622 933 693 1008 quia
717 952 807 1007 grave
829 933 948 990 videtur
978 936 1060 1008 quod
1092 935 1145 990 bos

152 1025 199 1080 vel
230 1022 331 1080 asinus
363 1020 492 1096 proximi
526 1022 613 1077 debet
647 1023 684 1077 de
717 1035 808 1094 puteo
838 1021 934 1077 eciam
960 1020 989 1077 in
1018 1023 1144 1077 sabbato

154 1109 267 1168 extrahi
285 1123 314 1166 et
330 1128 391 1165 non
403 1122 510 1165 natura
525 1110 630 1165 eadem
649 1126 716 1163 cum
735 1107 900 1164 christiano
917 1110 955 1165 ad
971 1107 1142 1182 ymaginem

155 1196 209 1254 Dei
234 1197 322 1254 facta.

198 1286 230 1340 ln
254 1282 312 1340 hiis
336 1295 438 1340 autern
465 1296 508 1338 est
530 1280 695 1356 prudencia
721 1283 920 1353 moderanda,
946 1281 1045 1356 primo
1063 1284 1143 1356 quod
1167 1276 1354 1372 Bmuiiiiriiffl

114 1374 293 1429 rohortetur
315 1369 383 1428 talis
408 1369 511 1442 refuga
537 1383 569 1426 ut
594 1369 690 1443 ipsam
716 1370 835 1426 deserat
848 1368 1006 1426 discoliam
1025 1382 1053 1426 et
1070 1387 1144 1444 pure
1168 1343 1245 1431 order,
1260 1350 1349 1476 anirlpo

155 1472 267 1516 sectam
286 1456 397 1515 Christi
422 1470 558 1531 acceptet
576 1470 603 1512 et
621 1459 816 1530 postmodum
835 1458 968 1512 secundo
985 1455 1143 1530 supposito
1190 1434 1314 1541 ιοωῖζζῇι

155 1549 236 1621 quod
261 1545 298 1602 sit
322 1543 438 1602 validus
463 1543 492 1599 in
517 1562 645 1618 corpore
670 1556 698 1599 et
732 1563 794 1599 non
820 1542 849 1599 in
874 1543 925 1600 tali
952 1543 1058 1600 ultima
1093 1563 1145 1600 ne·

155 1633 293 1691 cessitate
326 1630 428 1688 doceri
462 1633 551 1686 debet
585 1632 665 1704 quod
703 1633 868 1687 secundum
902 1632 997 1704 legem
1032 1630 1144 1687 Christi

154 1723 243 1777 debet
266 1717 397 1794 propriis
423 1717 561 1774 manibus
584 1718 731 1774 laborare.
760 1717 924 1791 Supposito
944 1732 1045 1774 autem
1063 1721 1143 1792 quod

114 1807 191 1865 risit
217 1807 312 1881 magis
336 1805 475 1878 indigens
500 1804 605 1860 ultime
629 1803 800 1861 necessitati
832 1804 1043 1879 propinquior,
1073 1817 1144 1862 tunc

155 1907 254 1970 potest
278 1895 333 1948 sub
351 1891 531 1949 condicione
555 1905 586 1948 ut
612 1893 688 1948 hanc
706 1891 863 1949 discoliam
885 1893 1004 1949 deserat
1021 1906 1048 1948 et
1065 1907 1145 1949 secte

155 1980 268 2039 Christi
293 1980 436 2036 adhereat
464 1979 495 2035 in
525 1979 745 2053 temporalibus
771 1997 839 2034 curn
867 1979 1075 2036 moderamine
1101 1998 1144 2035 re·

155 2067 265 2137 levari;
289 2082 317 2124 et
341 2066 472 2123 dimissis
497 2066 553 2122 hiis
577 2065 818 2122 circumstanciis
844 2066 991 2138 contingit
1016 2065 1145 2122 faciliter

155 2158 237 2231 quod
264 2154 474 2229 imprudenter
506 2153 603 2227 ipsum
639 2154 773 2210 relevans
803 2167 892 2209 nocet
921 2167 1025 2209 sancte
1055 2153 1143 2210 matri

112 2264 145 2297 ao
155 2241 281 2300 ecclesie
305 2256 334 2298 et
359 2241 388 2298 in
413 2259 540 2314 persona
566 2240 689 2314 propria
715 2240 835 2297 edilicat
858 2242 896 2296 ad
921 2239 1092 2296 iehennam.

199 2333 235 2385 Et
269 2343 416 2403 quantum
450 2330 488 2384 ad
513 2327 655 2384 noticiam
682 2327 769 2383 huius
794 2326 928 2397 discolie,
957 2341 1039 2400 patet
1062 2329 1142 2401 quod
1186 2339 1338 2401 ιῑιιιιιυιιιιῃγΙ

156 2415 285 2473 discerni
321 2429 418 2489 potest
443 2434 496 2489 per
528 2414 619 2471 vitam
645 2428 673 2470 et
702 2433 804 2488 opera,
830 2414 852 2470 si
878 2413 908 2470 in
933 2415 997 2487 lege
1022 2414 1144 2470 Domini
1164 2394 1353 2488 ⁰¹⁰³⁹g,§{,¹'¹⁰¹‘

155 2522 216 2560 non
246 2503 397 2561 fundetur.
436 2504 471 2558 Et
500 2501 617 2575 signum
648 2501 788 2558 sensibile
818 2501 969 2558 evidenter
999 2498 1362 2593 ιιοεεὶιιὶΙοι’θωῖῑῑῡΰῑάῐ1ῑὲΜ

156 2605 200 2648 est
224 2592 306 2665 quod
330 2590 397 2664 quis
423 2589 478 2645 fert
502 2607 641 2663 superse
664 2588 864 2664 approbative
881 2588 1004 2663 aliquod
1023 2589 1141 2662 signum
1169 2562 1350 2645 nwti¹liilrirn.⁰

89 2684 123 2733 tri·
156 2697 207 2734 seu
238 2677 336 2734 simile
370 2679 407 2732 de
444 2690 576 2750 quatuor
600 2670 605 2755 Ι
631 2676 695 2732 istis
727 2676 826 2733 sectis.
865 2676 970 2732 Viator
1003 2675 1082 2731 enim
1113 2689 1144 2731 ut

156 2764 224 2822 talis
249 2777 292 2820 est
309 2763 394 2838 quasi
419 2764 624 2836 nugigerulus,
649 2782 754 2837 gerens
771 2763 901 2837 pixidem
921 2761 1051 2831 inimici3
1076 2762 1144 2818 ideo

156 2851 209 2927 qui
233 2863 336 2908 amant
361 2849 525 2921 Christum,
560 2852 675 2907 hostem
701 2850 811 2907 Christi
843 2852 1007 2924 prudenter
1036 2863 1145 2906 tracta-

157 2952 222 2996 rent
246 2957 313 2995 cum
340 2937 392 2994 tali
417 2937 574 2995 diabolico'
601 2936 723 3011 nuncia,
754 2953 782 2994 et
814 2956 831 2994 a
865 2956 920 2993 suo
944 2937 1144 2994 contubernio

157 3038 361 3101 precaverent,
390 3024 462 3100 quia
493 3024 569 3081 sicut
598 3043 659 3081 non
689 3038 732 3081 est
766 3024 1008 3081 communicacio
1033 3024 1143 3081 Christi

113 3114 195 3174 ‚zoad
220 3112 323 3180 Belial,
355 3111 397 3168 sic
421 3131 476 3169 nec
507 3110 583 3168 servi
608 3111 719 3169 Christi
751 3131 819 3168 cum
849 3131 934 3169 servo
952 3112 1054 3182 belial,
1088 3110 1144 3167 uisi

158 3200 235 3257 forte
259 3213 290 3255 ut
314 3200 351 3256 ad
377 3199 466 3255 fidem
493 3198 618 3256 ecclesie
642 3212 843 3257 convertatur.

558 3438 660 3501 CAP.
687 3438 751 3501 XI.

201 3581 344 3656 Sequitur
366 3580 397 3637 in
419 3594 501 3637 textu
526 3580 685 3654 evangelii:
724 3580 795 3635 Cum
826 3579 877 3634 ltec
901 3580 1024 3635 dixisset
1051 3580 1144 3645 lesus,

156 3670 291 3725 turbatus
314 3679 356 3725 est
372 3667 478 3744 spiritu
501 3679 528 3724 ee
552 3668 644 3723 dixit:
667 3668 769 3737 Amra,
791 3685 873 3722 amen
897 3667 961 3723 dico
985 3667 1063 3722 vobis
1080 3668 1144 3741 quin

115 3762 232 3817 351rnus
255 3773 294 3812 ex
318 3756 397 3812 vobis
420 3757 518 3811 tradet
550 3775 604 3814 me.
639 3757 736 3829 Super
759 3773 820 3828 quo
845 3753 1043 3827 Augustinus:
1078 3754 1144 3809 Non
1188 3782 1331 3835 ,tripudium

155 3861 252 3919 parva
269 3844 391 3917 fratres
422 3861 461 3899 ex
484 3842 636 3920 evangelio
668 3843 746 3898 beati
766 3842 906 3897 Jolurnur's
929 3840 1009 3897 nobis
1034 3859 1144 3916 propo-

158 3930 238 3986 nitur
259 3931 380 4006 questio,
412 3931 461 3986 ubi
482 3930 537 3986 ait:
572 3929 644 3985 Cum
669 3930 720 3985 hec
750 3928 872 3985 dixisset
893 3929 986 3998 lesus,
1011 3929 1145 3984 turbatus

210 4224 232 4263 u.
249 4210 278 4253 ll:
293 4223 316 4254 m
331 4211 382 4253 ielis
396 4215 481 4253 arietem.
541 4221 576 4264 27.
593 4210 618 4252 ll:
633 4209 720 4252 hostem
735 4208 879 4252 rhamni-rr.
935 4207 965 4252 35.
982 4211 1001 4251 Α
1017 4221 1040 4251 ιιι
1056 4220 1141 4262 mann:

157 4263 318 4318 Augurinum
332 4263 349 4305 ll
365 4263 387 4305 in
404 4276 476 4317 marg.
493 4275 563 4305 manu
579 4275 623 4305 ree.
638 4261 691 4304 Jnlr.
707 4264 741 4304 r'l.
756 4272 787 4304 ur.
855 4262 887 4311 35,
904 4261 936 4314 2³7.
952 4263 984 4303 A:
1001 4261 1052 4303 hoc.

215 4372 255 4423 33.
274 4371 332 4420 lob.
352 4373 417 4427 Xlll,
438 4387 477 4420 τι.
551 4373 591 4421 3¹5.
611 4374 636 4420 S.
658 4372 797 4436 Augustini
818 4372 824 4418 l
853 4387 874 4419 e.
895 4385 953 4435 pag.
972 4368 1032 4426 titia.

1009 4472 1036 4504 ει
