3098 5130
225 497 294 543 ene.
312 484 409 568 tvm]
503 502 548 552 os
568 499 804 553 nnthnmsto
824 500 887 552 ino.
906 501 926 551 1.

226 681 281 719 non
316 674 415 739 potest
437 662 513 740 fieri
534 673 564 718 ut
596 662 735 719 debonis
758 662 931 738 parentibus
959 662 1031 718 mali
1053 672 1212 717 nascantur

225 761 275 805 aut
299 750 335 806 de
358 750 444 806 malis
459 750 542 819 boni;
563 750 616 807 sed
630 750 731 826 quales
753 749 872 825 suerint
892 760 1005 824 patres,
1029 750 1103 806 tales
1126 758 1211 805 erunt

227 848 253 892 et
277 837 345 892 nati.
375 838 450 906 Quia
478 837 551 894 sicut
574 837 666 892 arbor
689 838 717 891 in
734 835 842 910 sructu
866 836 1056 913 cognoscitur
1078 848 1105 892 et
1122 837 1212 910 sruc-

227 935 273 979 tus
292 941 349 999 per
371 926 508 981 arborem
523 925 753 995 demonstratur,
775 924 817 979 sic
835 934 976 1000 parentes
992 933 1213 1001 cognoscuntur

204 1009 255 1066 iin
270 1010 347 1086 filiis
369 1021 396 1067 et
411 1011 473 1089 filii
490 1029 548 1087 per
567 1022 715 1086 parentes.
749 1011 852 1066 Nonne
875 1011 945 1067 haec
968 1021 1035 1066 ante
1061 1009 1210 1066 Christum

224 1099 370 1173 propheta
384 1098 532 1173 predixit:
555 1098 698 1167 Quoniam
716 1099 797 1154 Deus
807 1098 835 1152 in
844 1098 1040 1175 generacione
1055 1097 1130 1153 iusta
1146 1097 1213 1153 est?

271 1184 358 1240 Item:
385 1185 546 1241 Generacio
562 1196 709 1242 rectorum
727 1184 921 1245 benedicetur.
945 1184 1032 1262 Ergo
1048 1184 1212 1240 testimonia
1270 1202 1380 1246 cunm„
1401 1255 1405 1262 ι

229 1272 264 1327 de
277 1272 354 1348 filiis
378 1290 474 1328 mores
493 1284 661 1347 parentum.
690 1273 777 1339 Quod
798 1272 825 1328 si
848 1282 937 1346 pater
950 1271 1049 1347 suerit
1071 1272 1163 1328 bonus
1185 1281 1213 1327 et
1232 1255 1420 1362 “zeffebgsss‘lneff

229 1369 324 1415 mater
339 1360 438 1433 suerit
461 1360 541 1416 mala
556 1372 606 1415 aut
622 1370 717 1415 mater
738 1360 812 1415 bona
836 1370 864 1415 et
882 1370 972 1434 pater
991 1359 1097 1428 malus,
1122 1359 1211 1414 inter·
1262 1360 1389 1402 citarat-ter.

190 1446 297 1500 todum
311 1457 428 1520 patrem
445 1446 507 1522 filii
517 1458 686 1521 sequuntur,
710 1447 855 1502 interdum
880 1456 1015 1515 tttatrem,
1039 1455 1135 1502 tamen
1144 1444 1211 1519 sre-

229 1534 364 1606 quencius
396 1545 438 1588 est
471 1543 502 1589 ut
525 1534 587 1589 nati
604 1545 722 1609 patrem
746 1545 913 1609 sequantur.
954 1533 986 1588 Si
1008 1543 1104 1588 autem
1128 1532 1212 1588 ambo

231 1620 349 1694 suerint
367 1620 492 1695 equales,
516 1620 672 1696 aliquando
687 1622 728 1698 fit
751 1632 781 1676 ut
804 1620 937 1676 debonis
956 1620 1128 1695 parentibus
1144 1619 1215 1674 mali

229 1718 335 1762 exeant
349 1707 412 1783 filii
433 1718 482 1762 aut
499 1708 535 1764 de
551 1705 637 1764 malis
659 1708 727 1764 boni
747 1708 800 1764 sed
815 1726 895 1764 raro.
922 1706 998 1764 Ecce
1014 1707 1088 1763 enim
1106 1706 1213 1784 regula

230 1805 272 1850 est
296 1795 422 1850 ltumane
444 1806 557 1865 nature,
580 1806 611 1850 ut
634 1796 728 1851 omnis
751 1795 836 1851 domo
860 1805 998 1851 nascatur
1021 1795 1095 1851 duos
1115 1794 1214 1851 oculos

191 1881 218 1932 15
231 1882 338 1937 liabens
353 1893 381 1937 et
399 1883 500 1957 quinos
516 1883 634 1959 digitos,
650 1882 808 1958 aliquando
831 1893 927 1938 tamen
945 1893 975 1936 ut
991 1882 1215 1957 manifestentur

232 1987 321 2043 opera
350 1969 416 2041 Dei,
449 1970 581 2025 nascitur
612 1970 698 2026 homo
722 1981 772 2025 aut
803 1987 859 2025 sex
896 1969 1004 2046 digitos
1035 1969 1142 2026 liabens
1164 1979 1214 2023 aut

231 2056 331 2111 oculos
362 2056 476 2112 omnino
509 2076 565 2112 non
593 2057 709 2126 liabens,
742 2057 816 2113 sicut
839 2057 867 2111 in
896 2056 1050 2133 evangelio
1072 2057 1213 2131 scriptum

231 2154 282 2198 est.
317 2142 396 2197 Sicut
411 2150 413 2155 '
429 2161 503 2220 ergo
527 2143 602 2198 illud
624 2154 712 2199 extra
741 2144 877 2220 regulam
902 2154 1005 2199 nature
1027 2143 1117 2199 eciam
1142 2160 1214 2197 raro

231 2230 323 2285 euenit
345 2242 374 2285 ut
397 2230 540 2304 deformis
556 2241 704 2300 nascatur,
726 2231 823 2304 sicque
846 2241 934 2286 extra
951 2230 1086 2307 regulam
1111 2240 1216 2286 nature

190 2334 303 2372 eoraro
332 2318 478 2393 procedit,
518 2328 547 2372 ut
586 2317 736 2372 dissimilis
767 2328 906 2373 nascatur
935 2317 1015 2391 filius
1042 2316 1215 2392 parentibus

230 2404 298 2459 suis.
332 2404 375 2462 Tu
399 2404 494 2479 itaque
525 2404 644 2474 iuuenis,
676 2405 792 2478 quando
820 2421 943 2460 uxorem
968 2404 1076 2460 ducere
1099 2405 1142 2460 nis
1164 2414 1214 2459 aut
1233 2417 1370 2479 whenyon
1386 2429 1424 2460 sn·

232 2491 258 2546 si
276 2492 376 2567 puella
400 2491 503 2566 nuptui
524 2492 674 2563 tradatur,
702 2491 763 2547 noli
785 2508 908 2566 querere
930 2491 1046 2547 diuitem
1070 2491 1123 2547 sed
1145 2490 1216 2546 bene
1252 2471 1409 2565 ξξῆῨῙζζξῗῇῑ

234 2579 447 2656 morigeratam
471 2579 536 2652 quia
560 2578 627 2635 boni
650 2596 747 2634 mores
765 2596 882 2655 semper
903 2578 1025 2635 divicias
1047 2578 1215 2654 adquirunt,
1251 2576 1292 2618 ¹¹0f
1307 2575 1404 2618 m0¹¹¹2¹¹²

233 2666 336 2721 divitie
358 2677 454 2721 autem
478 2684 623 2741 nunquam
641 2684 738 2722 mores
753 2666 903 2741 fecerunt.
928 2665 968 2720 Et
987 2666 1152 2743 gloriosior
1174 2673 1216 2720 est

191 2772 221 2822 25
230 2764 391 2827 paupertas
405 2753 542 2830 fidelium
567 2772 654 2829 quam
673 2753 777 2809 divicie
788 2763 987 2829 peccatorum.
1013 2752 1084 2807 Noli
1094 2768 1217 2827 querere

232 2839 354 2915 speciem
378 2840 443 2914 quia
460 2841 600 2915 scriptum
625 2851 682 2896 est:
713 2840 794 2896 Sicut
816 2841 935 2896 inaures
959 2857 1056 2910 auree,
1084 2840 1112 2894 in
1136 2838 1215 2894 nari·

232 2927 285 2982 lus
304 2928 399 3002 porci,
422 2928 461 2982 ita
486 2926 622 2984 mulieres
638 2928 715 2983 male
729 2938 825 2984 notate
847 2927 966 3002 species,
990 2927 1056 3001 quia
1072 2927 1100 2981 in
1122 2925 1217 3002 specie

234 3015 402 3070 meretrices
422 3015 548 3089 placent,
572 3014 703 3070 moribus
725 3025 820 3070 autem
844 3024 985 3072 matrone.
1024 3014 1096 3069 Cum
1119 3024 1215 3069 autem

234 3101 358 3176 requiris
380 3102 430 3176 qui
448 3102 642 3157 necessarium
666 3102 755 3157 habes
778 3112 911 3157 matrone
934 3119 1031 3157 mores
1053 3101 1216 3170 addiscere,

192 3200 223 3249 30
233 3189 385 3244 considera
410 3189 509 3262 quales
532 3188 617 3243 ltabet
636 3200 776 3263 parentes
799 3199 826 3244 et
847 3188 909 3244 sine
932 3188 1033 3244 labore
1055 3186 1219 3265 cognovisti

234 3277 269 3330 de
297 3275 358 3331 illa.
397 3276 431 3330 Si
460 3295 534 3352 ergo
568 3276 652 3331 ambo
676 3276 794 3350 suerint
827 3275 903 3346 boni,
926 3275 1112 3352 fiducialiter
1141 3293 1218 3350 pone

231 3363 334 3436 pedem
374 3362 401 3417 in
425 3364 542 3419 domum
567 3363 661 3432 illius,·
696 3363 723 3418 si
753 3374 849 3418 autem
882 3363 967 3418 ambo
989 3363 1108 3437 suerint
1137 3362 1216 3430 mali,

234 3451 315 3526 suge
340 3449 494 3524 familiam
518 3450 608 3506 illam.
653 3450 749 3506 Crede
780 3450 854 3506 enim
886 3449 1079 3506 testimonium
1108 3448 1220 3504 Christi

232 3539 300 3612 quia
333 3556 433 3593 verum
467 3549 509 3594 est
537 3549 564 3594 et
592 3556 648 3593 non
678 3537 825 3593 mentitur.
872 3537 905 3592 Si
935 3546 1031 3592 atttem
1064 3536 1219 3593 dissimiles

192 3642 223 3693 35
234 3625 352 3698 suerint
371 3636 522 3700 parentes,
551 3625 666 3681 dubium
691 3625 757 3681 inde
786 3624 874 3681 habes
897 3634 1039 3693 eventum,
1073 3623 1219 3698 quomodo

234 3723 321 3767 nauta
346 3712 395 3786 qui
416 3712 443 3767 in
468 3712 547 3768 trtari
568 3713 659 3768 tradit
682 3712 809 3768 animam
833 3730 915 3767 suam
933 3711 1059 3768 nesciens
1079 3720 1220 3786 pereatne

234 3818 270 3853 an
295 3800 410 3858 evadat.
436 3802 498 3856 Hec
523 3799 739 3860 CtisostomuS.

275 3886 403 3952 Videtur
427 3886 517 3943 istum
551 3901 688 3943 sanctum
723 3886 904 3943 confirmare
933 3884 1056 3942 racione
1082 3898 1217 3942 nostram

234 3973 418 4031 sentenciam
452 3976 534 4048 quod
568 3972 698 4048 pharisei
724 3974 859 4030 moderni
885 3972 1043 4029 imitantur
1066 3972 1219 4047 antiquos,

286 4211 317 4255 18.
331 4213 366 4254 A:
381 4212 453 4255 eciam
468 4211 539 4254 deest.
581 4221 614 4266 ¹9·
629 4211 663 4252 A:
678 4208 720 4252 sed
732 4210 787 4265 quia
802 4214 877 4253 extra.
914 4208 951 4261 34.
967 4209 997 4251 tt:
1013 4208 1076 4265 quod
1089 4221 1167 4252 ucrum
1178 4213 1219 4252 est.

234 4260 266 4306 38.
282 4268 304 4308 A
319 4264 342 4308 itt
358 4277 444 4318 marga
464 4263 589 4307 loliannes.

286 4390 309 4439 7.
334 4375 428 4423 Psalm.
460 4373 526 4434 Xlll,
557 4370 586 4431 6;
616 4373 711 4422 Psalm.
740 4373 804 4434 cxl,
833 4387 856 4421 2.
967 4368 1004 4420 tl».
1031 4369 1089 4420 Joh.
1123 4371 1164 4432 tx,
1196 4372 1219 4421 3.

235 4441 275 4492 uti.
295 4446 370 4493 Prov.
389 4444 431 4504 xi,
451 4458 491 4492 22.

1087 4530 1121 4564 gn
