3098 5130
155 469 224 511 cm.
241 455 270 536 ¹·l
442 473 486 521 os:
507 471 742 521 nustcuutsso
765 473 826 521 sto.
847 473 875 521 u.
1296 462 1357 525 280

156 636 195 689 ad
218 634 360 688 iusticiam
396 634 475 688 mimi
505 634 643 691 credenti.
683 634 765 689 Finis
785 634 941 709 perficiens
974 652 1028 688 non
1053 634 1139 689 inter-

155 721 271 797 ficiens,
286 720 360 797 finis
375 739 521 795 quousque
536 739 645 785 eamus,
670 740 725 776 mm
750 722 797 776 ubi
816 739 982 796 pereamus.
1008 721 1056 775 Sic
1079 740 1138 775 (ιιιι-
1156 734 1233 775 tnnc-d
1250 733 1311 775 stum
1328 740 1350 773 n·

156 809 222 863 nino
246 808 465 885 intelligendum
495 819 546 864 est.
587 808 699 864 Pasclta
734 819 865 863 nostrum
899 808 1066 863 immolatus
1099 819 1141 863 est
1163 785 1346 887 ii⁰s2¹¹iaitit¹iis

160 895 302 952 Christus.
343 894 409 970 Ipse
446 907 488 950 est
509 894 583 971 finis
618 907 724 963 noster,
757 895 785 949 in
816 895 898 954 illum
934 906 976 951 est
1000 895 1140 951 transitus
1165 890 1338 985 besmedmdlss

130 990 263 1039 5noster.
303 981 381 1037 Nam
406 982 489 1037 uideo
507 1000 595 1057 posse
628 982 678 1037 illa
703 983 791 1038 uerba
820 983 990 1059 euangelica
1015 983 1139 1056 quodam
1307 973 1312 984 '

156 1071 282 1124 humano
307 1069 393 1125 modo
416 1070 507 1124 eciam
529 1069 570 1125 sic
592 1069 692 1144 accipi,
716 1080 862 1144 tamquam
887 1071 1037 1145 usquead
1061 1088 1139 1124 mor·

157 1168 212 1213 tem
241 1156 376 1212 Christus
399 1156 505 1212 dilexit
527 1175 605 1231 suos,
630 1169 659 1212 ut
683 1157 737 1212 lioc
761 1157 896 1212 uideatur
919 1174 980 1212 esse
1003 1158 1031 1211 in
1046 1156 1139 1232 finem

157 1243 260 1299 dilexit
275 1262 353 1299 suos.
377 1243 516 1298 Humana
534 1255 576 1300 cst
596 1244 648 1300 ltec
663 1244 819 1309 sentencia,
843 1244 1029 1305 rondininio:
1051 1261 1141 1318 neque

156 1331 229 1387 enim
258 1348 310 1386 nos
337 1331 481 1406 hucusque
511 1331 614 1386 dilexit
642 1331 690 1407 qui
720 1349 835 1407 semper
866 1341 893 1386 et
920 1331 981 1387 sine
996 1330 1059 1408 fine
1089 1349 1141 1386 nos

115 1418 270 1475 sodilesit.
306 1418 387 1473 Absit
419 1429 450 1473 ut
480 1418 664 1475 dileecionem
694 1431 789 1474 morte
803 1418 919 1494 finierit
948 1418 997 1491 qui
1020 1437 1075 1473 non
1099 1429 1140 1472 est

157 1517 251 1560 morte
265 1504 379 1580 finitus.
412 1505 515 1560 Eciam
546 1517 612 1581 post
646 1516 768 1561 mortem
792 1505 915 1580 quinque
930 1506 1050 1580 fratres
1073 1522 1140 1560 suos

157 1593 260 1648 dilexit
277 1593 357 1648 diues
374 1593 423 1648 ille
438 1593 580 1667 superbus
604 1605 689 1668 otqne
712 1593 828 1667 impius,
852 1603 879 1647 et
903 1593 1045 1667 usquead
1061 1610 1140 1647 mor-

156 1690 211 1735 tem
236 1698 288 1735 nos
312 1679 450 1736 dilexisse
468 1680 617 1754 putandus
640 1691 683 1735 est
703 1680 860 1735 Christus?
883 1679 964 1735 Absit
987 1679 1141 1738 carissimi.

157 1768 346 1841 Nequaquam
373 1767 421 1822 ille
445 1785 497 1822 nos
522 1767 671 1843 diligendo
693 1785 781 1841 usque
804 1768 844 1822 ad
868 1778 990 1822 mortem
1020 1766 1140 1839 veniret,

116 1854 182 1911 15si
209 1854 392 1910 dileccionem
426 1867 555 1909 nostram
585 1866 680 1910 morte
698 1854 813 1932 siniret.
850 1854 913 1908 Nisi
927 1855 1014 1929 sorte
1036 1853 1077 1909 ita
1104 1854 1141 1908 sit

156 1941 393 2018 intelligendum:
431 1942 462 1995 ln
482 1940 575 2016 finem
605 1941 710 1997 attexit
733 1959 791 2003 eos,
831 1959 919 2014 usque
946 1942 985 1996 od
1016 1953 1139 1996 mortem

158 2029 261 2083 dilexit
277 2046 335 2089 eas.
359 2029 425 2102 quia
446 2039 557 2083 tantum
576 2029 690 2093 dilexit,
714 2038 744 2082 ut
763 2040 929 2084 moreretur
942 2039 1068 2103 propter
1084 2046 1140 2087 eos

157 2115 223 2171 Hoc
239 2116 312 2171 enim
330 2126 449 2171 testatus
473 2127 525 2175 est.
547 2116 642 2171 dicens
659 2116 799 2170 sisaim-em
816 2117 871 2171 ltac
887 2117 1040 2171 caritatem
1058 2133 1141 2171 nemo

157 2204 241 2258 liobet
257 2221 341 2277 quam
367 2213 395 2256 ut
420 2203 547 2257 eitimam
564 2221 646 2257 suam
669 2213 759 2277 ponat
781 2203 844 2277 quis
864 2221 922 2278 pro
945 2202 1047 2258 anticis
1069 2204 1139 2258 suis.

112 2313 146 2347 ιο
159 2290 201 2344 Ita
223 2308 293 2345 sane
309 2307 363 2345 ιιοιι
378 2289 568 2364 proltibemus
585 2290 718 2364 intelligi.
743 2290 771 2344 in
786 2290 880 2365 finem
905 2290 1018 2355 dilexit,
1042 2290 1073 2344 it
1088 2301 1140 2356 est,

158 2395 245 2451 usque
267 2377 307 2431 ad
330 2387 454 2432 mortem
479 2376 560 2431 illum
585 2377 704 2433 dileccio
728 2377 790 2452 ipsa
810 2378 963 2452 perduxit.

200 2464 266 2519 Non
300 2465 339 2519 ita
363 2464 499 2519 debemus
521 2464 688 2540 intelligere
710 2483 809 2520 cenam
827 2465 945 2537 J'actam
971 2465 1060 2519 ueluti
1082 2464 1138 2519 inm
1151 2474 1243 2535 suppo
1258 2486 1306 2516 uas
1317 2481 1356 2516 noi

157 2562 387 2607 consummatam
412 2563 496 2626 atque
519 2562 698 2607 transactam
707 2575 715 2606 :
753 2552 850 2606 adltttc
873 2553 946 2607 enim
972 2552 1139 2617 certabatur,
1159 2525 1346 2621 ἓὲζῗὲξᾪῗῇζᾏ

156 2656 220 2694 cum
239 2639 381 2695 Dominus
396 2638 527 2694 surrexit
551 2650 578 2693 et
597 2640 687 2714 pedes
710 2639 780 2694 lavit
805 2639 953 2714 discipulis
968 2639 1037 2694 suis.
1063 2639 1138 2693 Nam
1163 2632 1202 2674 “¹⁰
1217 2628 1336 2726 dfisectielts'

112 2736 254 2800 25po.stea
291 2726 420 2783 recubuit
453 2736 479 2781 et
503 2723 662 2782 buccellam
687 2744 738 2781 suo
766 2726 908 2781 traditori
925 2738 1026 2801 postea
1051 2726 1139 2791 dedit,
1274 2716 1278 2726 ¹

156 2813 251 2887 ntique
283 2831 353 2869 cena
386 2814 513 2868 munium
541 2813 639 2888 finita,
672 2814 726 2869 lsoc
749 2825 800 2880 est,
846 2814 913 2867 ditm
938 2813 1033 2867 alluit·
1053 2813 1139 2887 panis

155 2911 228 2955 esset
252 2901 279 2955 in
304 2917 410 2955 mensa.
440 2900 516 2955 Cena
541 2918 615 2977 ergo
631 2900 719 2974 sacta
743 2900 850 2954 dictum
875 2912 926 2965 est,
951 2901 1008 2954 iam
1030 2910 1138 2974 parata

156 2998 182 3043 et
205 2987 244 3042 ad
267 2987 485 3043 convivancium
510 3004 638 3042 mensam
665 3004 804 3061 usumque
823 2988 977 3062 perducta.

204 3074 290 3142 Quod
305 3085 400 3130 autem
424 3073 479 3129 ait:
508 3074 579 3128 Cum
598 3075 730 3130 diabolus
754 3074 811 3129 iam
836 3074 958 3129 irrisisset
982 3075 1009 3128 in
1034 3092 1086 3129 cor
1110 3083 1139 3128 ut
1163 3081 1219 3125 Hos
1238 3084 1343 3143 spirtum

113 3172 145 3221 [to
155 3161 287 3217 traderet
320 3180 384 3217 eum
414 3161 507 3215 litias
537 3161 663 3216 Simonis
700 3161 850 3231 Scuriotis.
884 3161 910 3217 si
937 3161 1034 3237 queris
1072 3144 1352 3236 qtticl⁸1ffiffi⁰0³¹t¹g¹¹ffiffl⁰

156 3248 276 3306 missum
301 3248 338 3303 sit
371 3248 398 3302 in
431 3266 483 3303 cor
505 3248 589 3315 lude,
623 3249 677 3304 lioc
709 3249 805 3322 utique
837 3259 868 3303 ut
901 3249 1033 3304 traderet
1064 3267 1138 3304 eum.

155 3335 258 3391 Missio
282 3336 336 3390 ista
365 3335 528 3410 spiritualis
562 3336 715 3413 suggestio
738 3348 797 3403 est;
828 3354 884 3391 non
898 3335 937 3412 fit
958 3354 1015 3410 per
1038 3354 1139 3392 aurem

154 3423 206 3478 sed
234 3440 292 3497 per
323 3422 532 3499 cogitacionem
561 3440 596 3477 ac
624 3440 681 3497 per
704 3423 758 3478 hoc
790 3441 845 3478 non
869 3423 1067 3497 corporaliter
1088 3424 1140 3478 sed

154 3509 359 3584 spiritualiter.
394 3510 494 3584 Neque
517 3510 590 3565 enim
614 3510 768 3583 spirituale
795 3509 872 3583 quod
896 3510 1003 3564 dicitur
1025 3527 1141 3585 semper

112 3596 182 3654 ssin
207 3597 293 3651 lande
316 3596 514 3670 accipiendum
539 3608 590 3652 est.
616 3597 704 3652 Novit
728 3597 884 3672 Apostolus
906 3598 1030 3672 quedam
1054 3597 1140 3671 spiri-

154 3683 244 3738 tualia
277 3682 404 3757 nequicie
435 3683 463 3737 in
492 3683 644 3740 celestibus
676 3685 820 3740 aduersus
852 3701 904 3758 que
928 3684 1009 3739 nobis
1031 3684 1138 3739 colluc-

154 3770 315 3827 tuacionem
338 3787 400 3825 esse
422 3780 556 3842 testatur,
580 3789 636 3826 non
659 3781 754 3826 aittem
779 3781 871 3827 essent
895 3770 983 3826 eciam
1009 3770 1139 3847 maligna

153 3857 330 3933 spiritualia,
352 3857 379 3912 si
400 3876 457 3912 non
474 3868 566 3914 essent
582 3858 671 3914 eciam
689 3858 814 3935 maligni
834 3857 964 3933 spiritns.
988 3858 1011 3912 A
1035 3857 1139 3932 spiritu

154 3945 227 4003 enim
251 3944 416 4021 spiritualia
440 3945 635 4000 nominantur.
670 3946 729 4000 Sed
749 3945 894 4021 quomodo
918 3945 972 4000 ista
988 3945 1076 4021 fiant,
1110 3956 1141 3999 ut

205 4142 225 4174 ι.
241 4131 275 4173 A:
290 4140 337 4172 ιιοιι
352 4128 392 4170 ubi
400 4139 527 4183 pereamus
540 4128 611 4171 deest.
700 4126 758 4171 2-3.
779 4128 809 4171 B:
828 4127 870 4170 sed
888 4139 991 4169 omnum,
1070 4127 1089 4170 5.
1104 4128 1138 4170 A:

153 4184 198 4225 ista
211 4183 291 4226 uerba.
368 4178 401 4223 23.
427 4182 461 4224 A:
483 4182 615 4224 cenebatur.
683 4179 772 4234 27-28.
792 4182 826 4223 A:
849 4179 1048 4223 Cena—mensam
1067 4181 1139 4222 deest.

154 4236 188 4280 28.
204 4237 240 4279 A:
257 4246 321 4277 usum
332 4233 456 4289 perducta.
524 4245 559 4286 ιιι.
575 4233 648 4277 cos:
662 4238 697 4276 att
710 4233 780 4275 deest.

210 4360 231 4393 ι.
250 4344 327 4394 Rom.
347 4344 377 4405 X,
400 4357 425 4404 4.
497 4358 519 4392 ι.
545 4343 562 4391 Ι.
587 4343 646 4392 Cor.
669 4343 701 4401 V,
725 4357 749 4405 7.
825 4356 863 4390 ιι.
893 4341 979 4389 Lucae
1006 4340 1073 4401 xvi,
1099 4354 1140 4403 27.

157 4414 195 4464 18.
213 4413 272 4465 Joh.
293 4415 348 4475 XV,
371 4416 408 4464 13.
517 4413 557 4476 34.
576 4411 643 4477 Eph.
663 4412 705 4473 vt,
728 4425 766 4460 ιι.

1006 4510 1036 4561 ¹9
