3098 5130
168 485 235 530 cur.
252 474 336 556 cxi]
456 491 501 540 ΒΕ
521 491 757 541 nuttcnmsTo
778 492 841 541 Lm.
861 492 879 540 t.

166 651 307 707 iusticiam
324 653 432 724 jacere
444 652 601 726 potuissem
627 651 682 707 nisi
695 652 800 729 gracia
824 664 874 707 tua
889 652 1001 727 suisset
1025 672 1152 713 uterum,-

165 739 238 793 sicut
262 738 375 793 dicebat
402 739 451 793 ille
478 738 527 813 qni
554 738 638 793 dicit:
666 739 725 794 Sed
749 739 817 814 plus
849 739 980 795 omnibus
1008 740 1150 794 laborari.

168 826 233 882 Non
256 837 352 881 autem
385 843 440 902 ego
472 826 525 881 sed
555 825 661 903 gracia
686 825 743 881 Dei
772 844 893 881 mecron.
927 827 973 881 Ait
1001 827 1028 881 ei
1059 827 1151 882 domi-

167 931 219 967 nus
247 912 309 968 eius
342 924 412 968 etc„-
450 913 546 968 Pauca
575 923 650 979 sunt,
680 913 922 986 quemadmodum
966 913 992 968 si
1021 914 1083 988 quis
1117 915 1152 970 de

143 1006 275 1075 bretagne
309 1019 404 1055 rnassa
428 1000 519 1054 tritici
541 1000 684 1055 modicam
718 1000 831 1055 dederit
859 1001 1018 1076 dragmam
1043 1012 1092 1055 ant
1116 1003 1152 1056 de

167 1105 274 1161 tricipini
300 1105 367 1141 uase
391 1087 449 1141 nini
472 1087 614 1141 modicum
640 1087 753 1142 dederit
768 1098 897 1163 gustum.
920 1088 961 1142 sic
985 1089 1020 1142 de
1043 1106 1151 1164 rnagno

167 1173 303 1228 thesauro
321 1174 408 1251 regni
423 1174 536 1229 celestis
553 1174 666 1229 rnodica
684 1174 764 1229 nobis
785 1192 841 1248 per
857 1175 999 1250 Spiritum
1012 1176 1149 1230 Sanctmn

166 1279 238 1315 arra
252 1271 413 1335 prestatur.
439 1261 568 1335 Propter
582 1261 661 1335 quod
677 1261 788 1316 dicebat
804 1262 976 1336 Apostolus:
999 1260 1050 1316 Ex
1063 1274 1151 1337 parte

167 1348 239 1402 enim
265 1348 470 1423 cognoscimus
493 1359 520 1403 et
544 1365 583 1403 es·
603 1358 691 1423 parte
711 1348 933 1423 prophetamus,
966 1366 1029 1404 cnm
1054 1360 1149 1404 autem

128 1435 275 1490 n·›rener·it
299 1436 376 1508 quod
395 1436 561 1509 perfectum
585 1446 637 1505 est,
661 1436 850 1491 destruentur
872 1454 905 1491 ea
927 1453 982 1511 que
1005 1452 1044 1491 ea·
1064 1447 1152 1512 parte

165 1533 239 1576 ierint.
265 1522 330 1577 Non
355 1523 446 1577 dixit:
470 1523 550 1577 Intra
567 1523 606 1576 ad
619 1522 762 1598 gaudimn
781 1523 891 1577 domini
904 1522 955 1583 tui,
980 1523 1049 1578 sed:
1072 1523 1151 1578 intra

166 1609 194 1662 in
217 1610 361 1684 gattdinm
387 1608 498 1664 domini
519 1609 569 1679 tui,
596 1619 625 1664 nt
645 1627 809 1685 possessor·
823 1609 860 1665 sit
882 1610 989 1686 gotidii
1011 1628 1066 1665 non
1090 1620 1150 1665 tan·

167 1707 225 1750 tnm
250 1706 416 1771 spectator,·
438 1706 465 1752 et
489 1696 545 1751 iam
563 1714 618 1753 non
642 1696 727 1769 quasi
739 1696 871 1752 minister
887 1696 1008 1753 Domini
1031 1697 1058 1752 in
1077 1716 1151 1773 gari-

167 1782 214 1836 dio
238 1782 298 1838 eins
320 1784 372 1839 sed
392 1784 542 1858 particeps
564 1784 754 1859 gaudiorum.
781 1784 860 1840 Sicut
883 1794 910 1840 et
932 1783 1003 1839 alibi
1025 1783 1085 1860 ipse
1108 1785 1151 1838 di-

128 1870 260 1927 15cebat:
286 1871 376 1926 Pater
398 1870 463 1925 voto
487 1881 518 1926 ut
541 1870 589 1925 ubi
610 1889 666 1947 ego
689 1882 796 1926 sumet
820 1871 869 1927 isti
896 1870 953 1927 sint
976 1889 1097 1942 mecum,
1123 1883 1153 1927 nt

169 1956 282 2011 rideant
305 1958 435 2033 gloriam
469 1976 563 2012 meam
596 1976 681 2031 qtcam
707 1958 795 2013 miclti
817 1958 932 2016 dedisti.
976 1958 1055 2026 Quid
1078 1977 1152 2035 ergo

168 2044 289 2120 dignum
307 2044 440 2118 finimus
456 2044 483 2098 in
501 2045 554 2100 lroc
569 2045 666 2099 secnlo
690 2055 720 2099 ut
740 2045 910 2120 participes,
935 2045 1046 2100 dmnini
1060 2045 1154 2101 nostri

167 2131 194 2184 in
220 2131 322 2207 regnis
337 2131 489 2187 celestibus
503 2130 578 2206 fieri
600 2134 792 2186 mereamur?
814 2132 883 2187 Ideo
900 2132 973 2187 iuste
989 2132 1058 2187 dicit
1081 2150 1150 2207 apo-

167 2218 273 2273 stolus:
296 2218 444 2274 Existimo
468 2218 541 2273 enim
565 2219 644 2293 quod
667 2236 723 2273 non
746 2228 813 2275 sunt
836 2219 981 2295 condigne
1001 2219 1152 2294 passiones

124 2324 156 2357 πο
167 2304 251 2360 liuius
274 2306 415 2380 temporis
449 2307 488 2360 ad
502 2307 642 2380 suturam
675 2305 806 2381 gloriam
838 2324 893 2380 qne
921 2305 1100 2361 revelabitur
1123 2306 1150 2360 in

167 2392 255 2446 nobis.
281 2394 344 2448 Hec
368 2391 583 2448 Crisostomus.

209 2479 335 2534 Videtur
352 2479 441 2535 istum
459 2492 598 2535 sanctum
624 2480 757 2535 alludere
779 2477 971 2535 distinccioni
996 2477 1044 2534 isti
1069 2498 1151 2535 com-
1167 2487 1367 2597 qussqeqqndpan

168 2564 250 2621 muni
275 2568 355 2640 quod
381 2566 496 2639 aliquid
525 2579 624 2639 potest
648 2568 740 2622 homo
765 2564 874 2622 mereri
899 2566 936 2621 de
960 2583 1095 2639 congruo
1120 2579 1148 2622 et
1175 2594 1349 2651 congrueniia

166 2652 281 2726 aliquid
305 2655 342 2709 de
366 2653 527 2725 condigno.
567 2652 790 2709 Beatitudinem
820 2665 921 2709 autem
950 2671 1005 2708 nec
1035 2652 1150 2727 aliquid
1182 2648 1346 2701 untontyhy

125 2744 266 2813 25potest
299 2739 366 2813 quis
400 2740 508 2796 mereri
541 2758 559 2795 a
583 2742 646 2796 Deo
670 2739 727 2795 nisi
760 2741 796 2796 de
826 2758 970 2814 congrum
1010 2742 1149 2813 eoquod
1182 2698 1346 2753 Gomm'

166 2826 311 2900 quicquid
330 2831 408 2882 Deus
433 2828 484 2883 dat
508 2825 624 2883 homini
641 2829 692 2883 dat
708 2825 764 2882 sibi
789 2846 821 2882 ex
846 2846 921 2899 pura
946 2826 1056 2899 gracia,
1082 2845 1150 2882 cum

167 2927 292 2970 coronat
316 2913 449 2987 graciam
468 2913 599 2988 priorem
625 2928 654 2970 et
678 2931 771 2988 opera
795 2932 853 2988 que
870 2928 960 2969 antea
985 2912 1026 2969 illi
1051 2913 1151 2985 dedit3

167 3003 204 3056 de
228 3000 380 3074 condigno
413 3014 515 3058 autem
539 3001 606 3075 quis
632 3015 763 3056 meretur
792 3003 916 3074 quando
941 3000 1081 3057 meritum
1108 3015 1151 3057 est

167 3106 199 3142 ex
224 3107 284 3161 quo
308 3088 432 3161 dignum
451 3107 518 3144 cum
542 3088 660 3161 premio
683 3090 729 3143 vel
754 3090 893 3144 mercede
909 3089 956 3144 vel
969 3106 1036 3144 cum
1062 3107 1153 3162 equu-

125 3174 251 3230 3olitate
276 3175 422 3249 temporis
446 3175 510 3232 sine
535 3178 716 3248 precedente
745 3173 835 3231 titulo
859 3175 960 3249 gracie
989 3175 1032 3232 sic
1055 3174 1153 3247 eligni-

168 3261 294 3332 licuntiS‚
333 3261 462 3336 qualiter
486 3281 562 3318 unus
596 3265 687 3319 homo
717 3274 850 3318 meretur
877 3264 914 3318 ab
946 3263 1053 3329 altero,
1084 3262 1153 3318 licet

168 3349 308 3405 meritum
335 3352 476 3422 precedat
501 3352 670 3406 mercedem
700 3368 785 3406 suam
811 3349 987 3417 causantem
1026 3369 1085 3403 non
1111 3349 1153 3404 sic

167 3450 267 3491 utitem
293 3439 330 3492 de
348 3440 420 3504 l)e0‚
446 3456 514 3492 cuni
533 3439 613 3493 Deus
638 3436 720 3511 prius
745 3438 794 3491 dat
813 3435 927 3491 homini
948 3436 1044 3491 maius
1061 3456 1151 3508 qnam

168 3523 277 3579 meruit
302 3537 330 3579 et
354 3524 496 3579 contimte
521 3524 657 3595 prevenit
682 3523 871 3596 premiando,

125 3615 155 3663 35
211 3611 354 3683 Sequitur
377 3610 407 3666 in
431 3624 511 3666 textu
537 3610 674 3667 Matthei:
701 3610 829 3666 Accessit
853 3621 949 3664 autem
975 3621 1001 3664 et
1024 3611 1073 3684 qni
1096 3610 1153 3665 dno

167 3699 276 3752 talenta
300 3711 452 3773 acceperat
476 3708 503 3751 et
527 3698 583 3751 ait:
621 3698 754 3761 lumine,
784 3698 840 3751 sirco
865 3697 973 3751 talenta
1002 3697 1155 3751 tradidisti

168 3785 246 3838 milti.
272 3786 349 3841 Ecce
372 3786 430 3839 alia
457 3785 513 3839 dno
536 3785 759 3859 stiperlncratus
782 3803 856 3840 sum.
881 3784 928 3837 Ait
951 3784 996 3838 illi
1021 3784 1154 3839 dcnninus

168 3873 242 3926 eins:
267 3873 352 3949 Euge
375 3890 460 3927 serre
481 3872 552 3925 lione
576 3882 601 3926 et
618 3871 731 3945 fidelis,
756 3872 820 3944 qnia
845 3890 933 3945 snper
954 3889 1048 3945 patira
1065 3872 1156 3946 suisti

221 4137 231 4166 2
252 4124 613 4171 11³.s:steni-mecummet:
638 4125 654 4166 l'.
674 4125 696 4167 in
713 4136 797 4177 istoru:
818 4124 891 4166 addit.
959 4124 1154 4173 .1.A:.uernad·

169 4179 258 4218 modnm
274 4179 347 4219 tnice.
427 4176 445 4220 5.
462 4180 495 4219 Λε
511 4189 587 4219 massa
604 4178 673 4219 deest.
729 4177 751 4217 o.
767 4178 800 4218 A:
817 4178 1024 4230 maguntinensis
1054 4175 1153 4218 edeest.

170 4243 187 4269 -,
199 4233 217 4270 Α
227 4243 230 4268 ;
242 4236 344 4272 sarrctum
355 4231 427 4271 deest.
474 4244 506 4271 uu.
522 4232 543 4272 A
554 4231 575 4272 in
588 4241 672 4282 inacq:
684 4229 811 4271 lohannes.
867 4228 897 4269 2⁴5.
908 4230 928 4270 Α
937 4243 941 4269 ;
951 4229 1047 4271 accessit
1057 4239 1117 4283 ergo
1125 4234 1153 4270 et.

225 4371 246 4402 2.
267 4355 357 4403 l.Cor.
378 4357 432 4411 XV,
455 4372 492 4403 to.
528 4358 551 4406 ii,
573 4356 589 4405 Ι,
610 4357 668 4402 (lor.
688 4355 753 4409 Xlll,
772 4374 797 4419 n,
822 4371 859 4401 tn.
900 4354 937 4401 15.
956 4352 1153 4415 .loh.XVll,24.

173 4441 208 4489 tq.
230 4425 305 4472 Rom.
327 4426 392 4483 Vlll,
411 4424 435 4472 8.
491 4426 530 4474 Ἠ.
551 4425 641 4473 starth.
661 4425 737 4475 XXV.
758 4422 869 4484 24—25.
