3098 5130
628 464 793 517 GENERAL
813 463 927 514 INDEX.

122 629 160 675 De
175 627 292 674 divisione
301 625 362 670 22222
368 625 499 669 Romanam
511 621 633 666 ecclesiam
647 627 670 664 et
681 619 750 665 Sara·

164 693 238 726 cenos
252 687 272 724 et
287 678 377 722 Grecos
391 689 438 721 222.

123 757 153 767 -
164 757 193 767 -
207 733 267 777 inter
279 729 406 776 1122222222
420 736 442 772 22
457 726 616 772 clementinos
630 736 677 769 222.

123 786 239 848 Doctrina
253 782 344 881 {omini
364 782 448 826 sulticit
468 780 496 823 sd
517 778 658 823 veniendum
673 776 696 820 iu
712 787 751 831 pa-

425 981 462 1028 E.

125 1084 232 1130 Ecclesie
246 1090 324 1139 partes
338 1094 372 1134 22,
386 1079 421 1133 23,
436 1092 482 1134 272,
498 1078 544 1131 228,
558 1088 604 1131 222,
618 1088 666 1120 222.
724 1126 729 1134 ,

126 1127 752 1196 1122222222222222222222222222222112222222212222.

169 1188 269 1233 Racione
283 1200 334 1231 etus
348 1186 459 1230 crementi
469 1190 561 1239 oportet
572 1183 669 1225 tinalrter
683 1179 754 1222 eccle-

170 1242 228 1286 siam
243 1238 403 1284 consummari
419 1236 463 1281 225.

127 1294 185 1338 Vita
208 1300 288 1336 sancta
309 1299 331 1335 et
359 1291 465 1334 doctrina
493 1287 608 1332 catholica
635 1285 692 1328 satis
720 1289 755 1326 est

170 1345 265 1390 ecclesie
281 1343 386 1388 militanti
400 1345 452 1386 atio.

127 1397 291 1495 Congregacio
310 1397 426 1439 bonorum
441 1394 538 1438 ecclesie
552 1403 622 1435 causa
642 1389 754 1433 bellorum

126 1466 186 1548 Nori
199 1503 243 1547 erit
258 1514 302 1557 pax
318 1501 351 1544 221
367 1508 417 1544 2222
437 1499 522 1542 22112222
543 1498 565 1540 iu
581 1493 678 1554 ecclesia
695 1492 755 1552 mili·

170 1562 241 1607 tante,
269 1562 394 1609 antequam
446 1551 580 1595 ntichristus
609 1548 677 1591 luent
700 1547 756 1588 cllu-

132 1615 264 1703 uedidffdrd
267 1605 371 1720 3232212212
384 1670 438 1718 ao„
499 1708 504 1716 ,

131 1712 168 1756 De
181 1711 234 1755 21222
248 1711 346 1754 edtticns
361 1710 547 1754 hlendtcancrurn
563 1704 598 1759 123,
613 1707 651 1757 64.

133 1762 249 1818 Egressus
269 1762 356 1807 Christi
384 1762 412 1806 de
431 1762 520 1815 templo
544 1760 627 1813 ligurit
649 1757 757 1800 destruc-

173 1816 265 1860 cionem
279 1815 375 1859 ecclesie
389 1812 528 1859 Antichristi
543 1823 582 1867 99.

134 1867 169 1912 De
182 1869 299 1912 eleccione
314 1879 428 1922 paparum
445 1867 485 1910 181.

133 1919 430 1965 Eleccionescardinalium
442 1930 489 1962 non
500 1924 555 1961 sunt
564 1916 633 1971 digne
645 1914 758 1958 memoris

135 1984 227 2070 Elcddt90
242 2037 302 2081 pape
316 2023 432 2068 contraria
447 2021 584 2067 diltinicioni
597 2019 652 2064 lesu
671 2018 758 2063 Christi

176 2090 188 2122 2
226 2089 275 2126 222.

136 2090 274 2226 [22113323822222
283 2129 343 2225 2232222
350 2127 490 2171 eleccionem
500 2139 559 2182 pape
569 2133 589 2169 et
597 2124 758 2181 apostolorum

192 2195 199 2226 2
238 2193 276 2229 222
328 2194 343 2224 2.

136 2235 209 2280 Error
217 2216 246 2279 ’22
262 2215 357 2278 homine
372 2238 448 2287 potest
462 2244 513 2275 esse
527 2238 606 2275 tantus
621 2229 684 2285 quod
697 2228 760 2271 Dens

177 2299 223 2330 non
239 2293 404 2340 cooperaretur
418 2296 471 2327 cum
488 2283 594 2327 2112262.

138 2338 231 2383 Veritas
241 2339 373 2392 evangelica
388 2344 422 2381 est
433 2336 586 2390 evangelium,
600 2342 623 2379 ct
636 2334 688 2389 ipsa
697 2333 760 2376 salsi-

178 2392 240 2436 ficari
256 2403 302 2434 non
319 2397 396 2443 potest
410 2387 455 2433 325.

139 2443 232 2488 Fratres
247 2443 373 2486 abhorrent
387 2441 449 2496 quod
465 2440 612 2496 evangelium
627 2438 650 2482 in
661 2436 761 2492 Anglico

177 2502 333 2552 cognoscatur
348 2493 388 2537 225.

434 2658 468 2706 F.

140 2759 226 2806 Fidelis
240 2771 268 2802 22
282 2757 411 2802 omissione
426 2764 460 2800 est
474 2754 637 2811 reprobandus
650 2752 685 2796 58.

140 2813 231 2858 Fideles
246 2812 299 2906 plus
313 2809 407 2870 credant
421 2809 481 2853 vivis
491 2808 605 2864 operibus
620 2817 690 2861 quam
700 2815 763 2847 mor·

178 2865 225 2908 tuis
239 2863 388 2907 ilusronrbus
403 2862 439 2905 fio.

142 2916 236 2961 Fratres
250 2915 352 2970 spoliant
367 2915 483 2958 seculares
498 2911 533 2965 45.

140 2993 166 3002 -
179 2982 205 3013 se
218 2968 330 3011 extollunt
344 2980 383 3019 42,
398 2966 434 3019 25.

140 3045 166 3054 -
180 3020 294 3064 seducunt
308 3019 459 3071 1222222222.

141 3097 166 3106 -
179 3097 205 3107 -
219 3072 342 3128 presertim
357 3069 547 3114 sanctimoniales
560 3074 582 3110 et
596 3067 679 3111 viduas
693 3080 732 3117 40.

141 3149 166 3159 -
179 3125 291 3170 claudunt
305 3135 401 3177 regnum
417 3123 519 3166 celorum
535 3118 686 3175 impediendo
701 3117 764 3175 quod

180 3176 327 3232 evangelium
343 3175 473 3229 predicetur
487 3171 523 3217 36.

141 3229 282 3274 Venditores
297 3227 341 3271 olei
357 3227 379 3270 in
396 3227 506 3282 parabola
522 3232 575 3269 sunt
590 3225 672 3267 iratres
686 3229 708 3266 et
722 3223 766 3265 alie

181 3288 254 3329 secte:
281 3291 381 3335 quorum
403 3280 481 3323 oleum
506 3290 552 3321 non
576 3276 660 3320 lucebit
683 3277 705 3318 in
729 3275 766 3317 die

182 3334 262 3377 iudicii
277 3334 328 3383 248·

142 3387 167 3431 Si
182 3387 266 3430 lrstres
276 3392 330 3444 sunt
345 3383 368 3427 in
383 3383 463 3427 ultima
475 3382 618 3433 necessitate,
633 3380 711 3423 tideles
726 3391 766 3421 eos

181 3438 266 3482 debent
281 3437 391 3479 adiuvare
405 3434 449 3479 321.

141 3490 234 3535 Fratres
248 3489 375 3533 defendunt
394 3487 457 3542 quod
472 3487 561 3530 licitum
581 3492 614 3527 est
639 3484 729 3528 22222222
746 3495 766 3535 7.

141 3567 167 3574 —
181 3550 234 3586 sunt
248 3541 322 3584 cauda
336 3539 474 3583 Antichristi
490 3538 523 3582 38.

141 3619 166 3626 -
182 3594 315 3637 fabulantur
338 3592 426 3647 populo
450 3592 547 3634 ludicris
566 3597 587 3631 et
607 3589 727 3632 mendacia
746 3595 767 3629 et

181 3659 247 3690 corre
267 3645 325 3688 tide
345 3644 447 3686 tacencia
467 3643 578 3697 evangelii
602 3642 683 3684 dicunt
704 3641 766 3696 quod

182 3660 287 3794 ¹queliget
306 3697 390 3741 veritas
417 3696 479 3740 utilis
501 3695 589 3751 populo
610 3702 643 3736 cst
671 3705 768 3746 evange·

190 3763 238 3794 tum
253 3762 274 3801 7.

144 3803 223 3847 Frater
242 3801 367 3846 carmelita
387 3800 475 3843 delator
496 3798 563 3841 ducis
589 3797 722 3840 lancastrie
746 3808 766 3850 7.

145 3856 179 3900 De
192 3855 265 3898 literis
279 3853 449 3896 iraternitatum
465 3863 499 3903 42.

144 3908 234 4002 Populo
262 3919 315 3949 cum
341 3905 469 3960 prudencia
496 3902 636 3957 predicanda
659 3908 713 3944 sunt
741 3900 769 3942 de

192 3963 263 4003 'uturo
279 3970 324 4002 roa.

438 4085 477 4132 H.

147 4186 243 4230 Heresis
258 4185 314 4240 quid
329 4191 363 4227 est
379 4183 426 4236 228,
441 4184 489 4237 169.

147 4261 173 4269 -
188 4246 233 4281 stat
247 4238 271 4280 in
286 4249 365 4281 222222
378 4236 432 4288 vite,
448 4247 495 4290 quo
511 4232 644 4277 sacerdotes
655 4231 772 4275 declinant

186 4291 215 4333 ab
230 4289 364 4334 imitacionc
379 4288 469 4332 Christi
485 4298 529 4340 ¹29·

146 4365 171 4377 -·
187 4343 220 4438 3de
241 4342 352 4438 p3radibus
372 4341 511 4395 dignitatum
533 4337 628 4380 ecclesie
651 4335 771 4378 militantis

202 4406 251 4449 ¹9-
267 4406 298 4437 22.

1362 459 1424 519 343

804 616 837 660 De
852 614 926 659 heresi
941 614 1029 659 Ariana
1043 611 1089 658 328.

803 668 858 713 Ν22
879 676 911 711 222
934 666 1046 722 possibile
1069 676 1210 722 2222222222
1234 675 1285 707 esse
1299 663 1428 708 hereticum

843 721 888 765 nisi
903 720 931 763 de
950 726 1038 816 222222
1057 717 1126 762 222212
1146 728 1210 760 22222
1234 716 1350 772 scripture
1372 727 1427 759 con·

806 780 1018 887 Sigtddrlrlideiisin
1033 821 1129 884 ecclesia
1144 821 1258 865 militante
1271 820 1317 866 228.

805 878 964 974 1122ἑ2222222
988 875 1077 920 invehit
1097 881 1178 919 contra
1199 874 1326 919 modernos
1353 872 1429 927 ponti·

807 983 840 1026 De
854 941 1012 1036 heddpliddlitate
1025 977 1069 1024 232.

807 1035 884 1077 112222
900 1046 952 1089 perc
971 1046 995 1076 22
1010 1032 1161 1088 proficiscens
1175 1039 1209 1074 est
1223 1030 1332 1075 Christus
1346 1029 1390 1075 255.

807 1086 1037 1182 Οηῖιὲίξιοίηιινίἀυε
1062 1085 1145 1140 speciei
1170 1086 1270 1128 humane
1293 1090 1348 1127 sunt
1369 1094 1431 1126 unus

808 1191 841 1234 122
854 1151 944 1233 ¹hostid
958 1171 1095 1233 'consecrata
1116 1188 1152 1242 28,
1178 1188 1291 1242 222-268,
1316 1186 1430 1243 ros-178,

809 1242 1023 1339 ue¹t⁸idie²si⁴cbnua
1034 1295 1134 1338 hostiam
1145 1290 1429 1344 consecratnm142-168.

809 1347 890 1442 llosgia
901 1354 1036 1391 consecrata
1046 1347 1069 1390 in
1081 1353 1162 1390 natura
1177 1359 1219 1390 sua
1232 1353 1267 1390 est
1281 1357 1350 1388 verus
1365 1345 1433 1400 panis

809 1413 912 1506 21222322
925 1460 1045 1508 tamquam
1065 1451 1192 1494 hereticum
1206 1450 1270 1506 quod
1289 1449 1341 1504 ipss
1355 1449 1433 1493 hostia

848 1505 878 1548 sit
891 1515 978 1559 corpus
993 1504 1080 1548 Christi
1095 1504 1118 1546 in
1133 1503 1209 1546 forma
1224 1502 1292 1557 panis
1307 1514 1354 1553 242.

810 1556 971 1600 llereticorum
991 1557 1056 1599 ticcio
1079 1556 1141 1612 quod
1164 1566 1211 1599 non
1235 1555 1335 1598 adorant
1355 1555 1432 1609 ipsam

849 1609 949 1652 hostiam
966 1607 1007 1660 253,
1023 1607 1067 1660 254.

811 1661 893 1704 Hostia
908 1668 943 1704 est
958 1673 1046 1715 corpus
1061 1659 1149 1704 Christi
1165 1659 1291 1715 figuraliter
1305 1656 1355 1710 234,

812 1713 951 1769 112222τί222
966 1713 1051 1756 victum
1067 1714 1196 1756 maximum
1211 1709 1257 1755 232.

811 1766 954 1822 llypocritae
981 1766 1003 1808 in
1028 1765 1114 1827 Anglia
1140 1776 1256 1820 pauperes
1285 1763 1434 1819 presbyteros

851 1824 1022 1874 persequuntur
1037 1826 1070 1860 or.

812 1871 899 1915 Contra
914 1870 1050 1926 hypocritas
1063 1868 1155 1915 58-62.

1112 2032 1134 2079 1.

813 2135 846 2178 De
860 2132 1046 2176 identificacione
1061 2129 1175 2174 rso-160.

814 2188 866 2241 Que
879 2185 1010 2246 ,1222212212
1024 2183 1129 2244 membra
1144 2193 1185 2226 sua
1199 2181 1309 2237 ignorare
1322 2180 1369 2225 226.

813 2238 969 2297 1221212222222
984 2236 1108 2295 papalibus
1123 2246 1169 2296 non
1184 2234 1309 2278 credamus
1323 2244 1372 2289 194,
1387 2231 1436 2288 198.

814 2292 850 2388 212
862 2285 1217 2402 11223222223232238132231·
1232 2284 1279 2330 ³³³·

815 2393 1092 2456 [221222122222222222
1107 2387 1225 2435 282-283.
1349 2442 1354 2451 ⁸
1401 2441 1405 2450 Ι
1431 2441 1435 2450 Ι

815 2449 839 2492 12
855 2447 892 2491 dre
905 2445 984 2489 tudtcn
1008 2456 1055 2489 nou
1075 2444 1184 2487 valebunt
1199 2454 1286 2498 pompe
1299 2441 1436 2487 Anhchrtstr

815 2498 966 2607 Proadddiem
982 2547 1061 2593 iudicii
1072 2548 1114 2610 illi,
1128 2547 1168 2603 221
1179 2547 1249 2603 digne
1264 2559 1294 2601 po
1313 2546 1352 2608 ulo
1367 2545 1438 2591 locuti

855 2610 909 2648 sunt
930 2603 1029 2645 verbum
1047 2601 1099 2655 Der,
1126 2606 1194 2644 erunt
1216 2601 1340 2643 exoleto
1365 2610 1438 2643 sacer·

816 2653 1063 2768 rnoiiliie²⁵3toean
1085 2705 1136 2749 ures
1159 2704 1247 2754 luascu,
1271 2704 1332 2749 suut
1354 2703 1398 2748 rut
1411 2704 1440 2747 ue

817 2759 1129 2872 12232323332232321323232333233312332722
1144 2809 1252 2870 consistit
1264 2806 1298 2870 53τ
1317 2860 1339 2870 ..

818 2867 979 2925 Dampnantur
993 2875 1032 2919 qur
1044 2864 1096 2924 plus
1106 2869 1206 2924 tractant
1218 2873 1269 2906 tura
1279 2860 1355 2905 ctvrlra
1372 2867 1440 2917 atque

856 2928 969 2961 canonica
984 2927 1054 2976 22222
1069 2927 1106 2958 222
1120 2914 1206 2976 Christi
1221 2926 1266 2969 ²7¹·

818 2970 921 3068 illisis
935 2963 1441 3075 22222222222222221222·..2

1106 3202 1139 3249 L.

820 3302 882 3364 Laici
897 3303 981 3364 dehent
1003 3302 1031 3344 de
1054 3301 1099 3345 vita
1127 3309 1149 3345 et
1173 3299 1286 3355 operibus
1311 3298 1440 3354 presbyteri

821 3356 965 3452 leduldlhcrffgtei
976 3354 1013 3449 {st
1029 3406 1091 3448 basis
1101 3405 1208 3448 fidelibus
1222 3404 1250 3447 ad
1261 3403 1442 3446 discernendum

859 3460 980 3513 quomodo
995 3459 1078 3501 debent
1093 3457 1170 3501 vivere
1185 3455 1220 3509 39.

822 3511 893 3566 Leges
907 3510 1046 3570 Antichristi
1062 3510 1167 3570 inliciunt
1182 3509 1322 3563 scripturam
1338 3504 1372 3550 38.

822 3566 846 3608 12
861 3567 1012 3669 ddfigiogsriatcile
1036 3572 1089 3604 sunt
1117 3572 1207 3616 perores
1230 3572 1299 3616 papa,
1327 3559 1443 3613 doctores,

823 3670 897 3712 Locus
912 3645 1006 3710 sanctus
1021 3666 1141 3722 quomodo
1156 3664 1291 3718 intelligitur
1307 3662 1348 3707 235.

1110 3846 1153 3894 Μ.

824 3949 856 3991 De
870 3946 1001 3991 maioritate
1016 3946 1175 3989 membrorum
1191 3944 1286 3986 ecclesie
1300 3941 1334 3997 23,
1348 3954 1384 3994 24.

823 4000 877 4044 Vita
892 3999 1021 4043 monastica
1040 3997 1159 4041 contraria
1178 3995 1283 4039 doctrine
1298 3994 1384 4039 Christi
1401 3991 1445 4038 283.

1117 4177 1151 4226 0.

825 4279 984 4324 Observancie
998 4277 1140 4373 hppocrltice
1154 4282 1269 4318 sectarum
1284 4273 1320 4327 59.

826 4334 880 4376 l’lus
893 4332 962 4393 debet
980 4343 1018 4392 cre
1038 4329 1169 4389 ruopertbus
1183 4339 1253 4384 qnam
1268 4332 1397 4369 atramento
1412 4324 1446 4367 vel

865 4391 934 4427 cartis
949 4394 1053 4436 episcopi
1070 4388 1122 4423 222.
