3098 5130
208 500 277 544 cae.
296 484 403 568 xxxv]
491 503 536 552 ue
556 502 794 553 suricunrsro
816 504 877 552 rin.
898 503 915 553 1.

208 680 251 724 est
275 667 305 723 in
329 665 387 723 isto
410 666 493 741 quod
517 666 628 722 habent
652 683 734 721 nunc
758 677 970 738 argumentum
996 662 1095 720 standi
1125 662 1194 719 viri-

206 754 274 811 liter
306 753 337 811 in
366 753 425 810 fide
454 752 564 810 Christi
593 766 623 810 et
649 751 807 810 resistendi
836 751 979 809 versuciis
1007 749 1194 810 Antichristi.

550 973 656 1038 cae.
680 934 860 1037 xxxv(

251 1120 395 1196 Sequitur
423 1120 453 1176 in
482 1132 562 1177 textu
591 1119 751 1195 evangelii:
780 1120 852 1175 Cum
882 1137 956 1197 ergo
986 1118 1119 1174 videritis
1143 1118 1194 1172 ab·

183 1209 434 1265 thominacionem
457 1208 657 1279 desolacionis,
681 1227 736 1284 que
764 1208 841 1264 dicta
869 1217 911 1264 est
935 1226 952 1262 a
976 1206 1101 1262 Daniele
1118 1223 1195 1282 pro·

205 1297 304 1373 pheta,
329 1308 451 1353 stantem
476 1296 503 1351 in
528 1296 591 1352 loeo
614 1306 725 1367 sancto,
750 1295 799 1370 qui
821 1295 893 1372 legit
916 1294 1071 1370 intelligat.

252 1385 349 1457 Super
387 1402 448 1457 quo
486 1385 679 1456 leronymus:
723 1383 849 1450 Quando
887 1382 927 1437 ad
966 1379 1192 1458 intelligeneiam
1255 1406 1359 1449 terame:

206 1489 415 1544 provocamur,
445 1470 589 1527 misticum
618 1481 801 1527 monstratur
825 1469 987 1544 essequod
1010 1468 1117 1524 dietum
1142 1479 1192 1523 est.
1211 1457 1370 1554 abffigsstffi
1387 1515 1412 1553 ot

209 1558 349 1634 Legimus
382 1569 478 1614 autem
511 1558 538 1613 in
566 1558 692 1613 Daniele
725 1558 779 1613 hoc
807 1557 909 1613 modo:
941 1556 981 1611 Et
1014 1555 1042 1610 in
1073 1554 1338 1610 dimidiodesotanon
1356 1576 1412 1606 uvas.

170 1664 199 1700 to
209 1645 399 1702 hebdomadis
426 1647 581 1720 auferetur
611 1645 788 1721 sacrificium
821 1663 916 1700 meum
944 1654 972 1698 et
1000 1642 1139 1699 libamina
1167 1653 1195 1697 et

209 1732 236 1787 in
266 1732 374 1808 templo
402 1732 618 1789 desolacionum
648 1731 828 1788 abominacio
857 1731 913 1787 erit
941 1748 1029 1807 usque
1056 1731 1096 1786 ad
1127 1747 1195 1785 con·

208 1821 435 1876 summariorum
472 1821 622 1895 temporis,
667 1830 694 1875 et
730 1819 913 1875 consumacio
951 1818 1069 1874 dabitur
1104 1834 1195 1892 super

208 1907 403 1963 solitudinem.
436 1907 484 1962 De
511 1908 565 1963 hoc
597 1918 625 1962 et
653 1906 810 1983 Apostolus
840 1906 968 1981 loquitur
999 1905 1076 1981 quod
1108 1904 1194 1960 homo

209 1994 367 2069 iniquitatis
389 2005 417 2051 et
438 1994 630 2050 adversarius
654 1994 812 2050 elevandus
833 1993 871 2048 sit
893 2003 996 2048 contra
1019 2010 1104 2048 omne
1118 1991 1196 2066 quod

171 2081 318 2137 15dicitur
340 2082 422 2137 Deus
445 2093 473 2136 et
495 2081 612 2151 colitur,
637 2080 675 2136 ita
701 2082 777 2155 quod
800 2081 906 2136 audeat
929 2090 1010 2135 stare
1036 2080 1064 2135 in
1088 2078 1196 2153 templo

209 2169 268 2225 Dei
298 2180 324 2225 et
356 2170 507 2225 ostendere
538 2169 616 2244 quod
653 2168 714 2243 ipse
736 2168 773 2224 sit
805 2168 896 2237 Deus,
937 2167 1017 2222 cuius
1054 2166 1197 2222 adventus

208 2258 365 2312 secundum
400 2256 601 2332 operacionem
634 2266 735 2311 satane
767 2255 899 2310 destruat
922 2272 981 2325 eoS,
1014 2263 1041 2309 et
1072 2254 1112 2308 ad
1138 2251 1198 2308 Dei

209 2344 394 2399 solitudinem
434 2344 551 2420 rediget
586 2343 637 2419 qui
671 2359 702 2398 se
739 2341 929 2416 susceperint.
970 2341 1068 2396 Potest
1098 2349 1194 2395 autem

209 2430 382 2506 simpliciter
413 2441 463 2487 ant
498 2431 533 2487 de
565 2429 744 2486 Antichristo
776 2428 871 2504 accipi
907 2439 958 2483 aut
996 2428 1031 2484 de
1068 2427 1197 2504 imagine

167 2518 319 2581 20cesaris
347 2536 433 2593 piram
463 2518 576 2573 Pilatus
605 2517 704 2594 posuit
733 2517 760 2572 in
788 2516 896 2592 templo
925 2526 975 2571 aut
1008 2516 1044 2570 de
1070 2513 1198 2569 Adriani

118 2625 180 2683 4¹7·
210 2606 337 2680 equestri
357 2617 455 2661 statua
478 2623 532 2679 pue
551 2601 555 2685 Ι
576 2605 604 2660 in
628 2605 690 2681 ipso
713 2615 814 2660 sancto
838 2614 1006 2660 sanctorum
1029 2603 1091 2658 loco
1108 2618 1196 2676 usque

210 2693 238 2747 in
267 2703 432 2769 presentem
465 2692 539 2748 diem
572 2693 659 2759 stetit,
692 2690 873 2747 abominacio
901 2708 1012 2765 quoque
1038 2689 1195 2745 secundum

210 2791 336 2836 veterem
359 2780 550 2857 scripturam,
583 2780 693 2835 idolum
724 2788 925 2854 nuncupatur,·
952 2788 978 2833 et
1006 2777 1115 2832 idcireo
1144 2776 1196 2830 ad-

212 2867 292 2922 ditur
315 2867 507 2923 desolacionis
529 2869 606 2942 quod
629 2868 656 2922 in
674 2866 803 2922 desolato
820 2865 928 2941 templo
944 2875 1030 2939 atque
1046 2864 1194 2920 destructo

168 2954 320 3016 25idolum
342 2954 467 3030 politum
490 2955 537 3013 sit.

259 3043 337 3097 Tunc
365 3042 415 3116 qui
441 3042 468 3097 in
490 3042 584 3097 Judea
611 3053 678 3097 sunt
694 3041 820 3118 fugiant
849 3040 889 3095 ad
912 3049 1023 3095 montes
1047 3049 1074 3094 et
1097 3037 1146 3112 qui
1167 3036 1195 3091 in
1245 3047 1264 3091 lt
1279 3060 1332 3104 may
1347 3049 1374 3091 be

210 3140 294 3199 tecto,
319 3147 374 3185 non
399 3129 553 3185 descendat
576 3129 680 3185 tollere
706 3128 817 3203 aliquid
839 3127 875 3182 de
899 3128 985 3182 domo
1012 3144 1074 3196 sua,
1098 3136 1126 3180 et
1149 3124 1197 3198 qui
1215 3101 1403 3207 unsseerrsvtppsaeor

210 3216 238 3270 in
262 3235 350 3293 agro,
375 3235 430 3273 non
455 3227 604 3272 revertant
627 3215 732 3272 tollere
747 3216 873 3271 tunicam
890 3232 984 3270 snam.
1009 3211 1195 3269 Aborninacio
1252 3207 1365 3249 doctrine.

211 3303 403 3359 desolacionis
438 3303 564 3380 intelligi
587 3314 683 3379 potest
712 3314 739 3358 et
767 3320 851 3359 omne
878 3303 989 3379 dogma
1010 3318 1195 3377 perversum,

167 3391 285 3465 30quod
312 3409 376 3446 cum
406 3390 565 3445 viderimus
591 3401 672 3446 stare
700 3390 727 3444 in
760 3390 823 3445 loco
852 3399 961 3459 sancto,
996 3388 1050 3444 hoc
1083 3398 1135 3456 est,
1168 3386 1196 3440 in

209 3478 330 3534 ecclesia
354 3489 381 3533 et
404 3496 435 3533 se
457 3477 610 3533 ostendere
632 3478 739 3547 Deum,
764 3478 899 3533 debemus
914 3477 1030 3553 sugere
1053 3476 1089 3530 de
1103 3474 1196 3529 Judea

209 3565 248 3619 ad
276 3576 396 3638 montes,
429 3566 483 3621 hoc
511 3576 561 3632 est,
591 3565 711 3620 dimissa
740 3565 886 3619 occidente
913 3563 1000 3618 litera
1024 3573 1051 3617 et
1073 3560 1196 3616 Jrrdaica

206 3653 364 3728 pravitate,
402 3653 640 3728 appropinquare
678 3651 821 3707 montibus
859 3650 975 3718 eternis,
1021 3650 1056 3704 de
1094 3648 1197 3723 quibus

210 3739 355 3795 illuminat
379 3740 555 3795 mirabiliter
578 3739 669 3809 Deus,
697 3749 725 3793 et
748 3756 809 3794 esse
832 3738 859 3793 in
883 3749 956 3792 tecto
979 3747 1006 3792 et
1030 3737 1057 3790 in
1081 3737 1198 3791 domate

167 3837 264 3902 35qu0
281 3847 336 3882 non
350 3828 461 3902 possint
478 3828 569 3904 ignita
588 3825 697 3881 diaboli
716 3824 811 3880 iacula
825 3824 983 3900 pervenire
1006 3840 1056 3878 nec
1080 3822 1196 3877 descen-

211 3914 280 3970 dere
307 3924 334 3969 et
362 3914 466 3970 tollere
492 3913 603 3988 aliquid
630 3914 665 3969 de
698 3914 784 3969 domo
813 3909 1047 3968 conversacionis
1072 3909 1197 3985 pristine

263 4196 279 4228 ι.
295 4186 327 4228 A:
348 4197 409 4228 nunc
421 4185 532 4228 animum.
591 4195 610 4239 7.
627 4185 647 4227 Α
663 4183 685 4227 in
701 4196 787 4238 marga
802 4183 948 4239 leronymus.
1012 4194 1045 4237 ¹9·
1065 4179 1154 4222 (lodda
1169 4180 1199 4222 de

211 4236 352 4280 Antichristo
366 4237 443 4293 accipi
455 4238 526 4280 deest.
596 4247 632 4288 24.
648 4236 677 4279 B:
692 4241 762 4292 atque
775 4235 875 4280 deserto.
951 4246 986 4289 ²7·
1001 4236 1035 4276 A:
1051 4233 1197 4276 descendant.

261 4398 287 4443 4.
315 4381 406 4430 Manh.
429 4382 519 4444 XXIV,
551 4380 588 4431 15.
660 4395 684 4447 7.
703 4382 799 4430 Comm
834 4381 858 4428 in
882 4377 972 4427 Matth.
1001 4378 1016 4426 l.
1041 4392 1063 4426 c.
1086 4393 1111 4441 p.
1141 4391 1196 4441 ¹94·

213 4468 236 4516 9.
256 4451 321 4500 Dan.
342 4453 383 4512 tx,
403 4467 444 4516 27.
501 4454 539 4503 13.
561 4453 589 4501 ll.
609 4450 703 4500 Thess.
722 4450 752 4512 11,
769 4465 795 4513 4.
