3098 5130
583 532 707 581 OPERIS
726 531 938 581 EVANGEllCl
959 532 1022 581 ΗΒ.
1041 530 1085 580 tv.
1162 511 1245 596 [CAR
1262 525 1325 570 Xlll·

339 691 482 747 exierunt.
519 693 560 747 Ac
589 710 647 768 per
679 694 733 748 boc
756 704 911 767 utrumque
934 710 1033 746 nerum
1067 703 1110 748 est
1132 709 1172 748 es·
1194 691 1276 750 nobis
1299 703 1327 748 et

339 796 394 833 non
419 797 457 834 ex
481 781 569 856 nobis,
600 781 757 836 secundum
782 780 864 835 aliud
887 797 925 835 ex
949 780 1038 857 nobis,
1064 780 1221 836 secundum
1244 779 1327 835 aliud

339 884 394 920 non
411 884 449 922 ex
465 867 557 934 nobis,
586 870 742 923 secundum
767 867 994 924 communionem
1018 879 1268 924 sacramentorum
1288 884 1328 922 ex

340 953 429 1025 nobis,
453 956 609 1010 secumdum
633 974 754 1011 suorum
780 955 989 1031 proprietatem
1023 955 1177 1010 criminum
1210 973 1265 1010 non
1289 971 1328 1010 ex

341 1039 430 1095 nobis.
1340 1039 1353 1090 5

143 1137 203 1209 Each
219 1135 307 1196 apostlc
383 1128 588 1203 Adspiciebant
619 1147 694 1206 ergo
726 1131 766 1184 ad
796 1129 916 1185 inuicem
950 1129 1085 1205 discipuli
1112 1128 1267 1186 hesitantes
1292 1127 1328 1182 de

133 1199 321 1293 wqqrc'qqqqqqqs
339 1233 394 1290 quo
411 1215 529 1272 diceret.
551 1213 556 1293 l
578 1217 626 1272 Sic
649 1216 754 1292 quippe
769 1216 797 1271 in
821 1216 861 1272 eis
877 1229 941 1272 erat
958 1235 1032 1294 erga
1050 1216 1226 1293 magistrum
1242 1233 1325 1271 suum
1355 1213 1422 1278 437¹

131 1295 320 1399 noiiininiinis
336 1302 387 1378 pia
419 1303 539 1371 caritas,
572 1314 603 1359 ut
636 1315 731 1360 tamen
764 1321 812 1359 eos
844 1304 971 1359 humana
1004 1304 1130 1359 alterurn
1166 1304 1202 1358 de
1233 1302 1327 1359 altero

156 1398 293 1453 neiatibour.
339 1390 504 1446 stimularet
535 1390 700 1467 infirmitas.
741 1390 818 1447 Nota
849 1391 963 1466 quidem
1000 1391 1055 1446 sibi
1091 1402 1156 1446 erat
1193 1390 1329 1463 cuiusque

340 1477 527 1548 consciencia,
545 1488 763 1554 verumptamen
779 1477 845 1553 quia
858 1479 994 1554 proximi
1007 1490 1072 1533 erat
1088 1477 1199 1554 ignota,
1221 1477 1261 1532 ita
1275 1476 1330 1532 sibi
1343 1490 1373 1524 ιο

340 1565 532 1640 unusquisque
563 1576 627 1620 erat
659 1577 766 1636 certus,
799 1577 830 1621 ut
860 1565 965 1621 incerti
993 1576 1088 1621 essent
1111 1575 1137 1620 et
1168 1566 1196 1619 iu
1224 1563 1328 1620 ceteris

340 1652 450 1728 singuli
472 1662 499 1708 et
522 1652 550 1707 iu
573 1652 698 1729 singulis
721 1652 819 1708 ceteri.

129 1727 322 1824 qsssffss‘bffin
384 1738 462 1793 Erat
485 1757 559 1815 ergo
584 1741 753 1795 recumbens
786 1757 858 1794 tenus
890 1757 929 1795 ex
960 1738 1108 1814 discipulis
1130 1738 1189 1795 eius
1213 1737 1240 1792 in
1263 1737 1327 1793 sinu

160 1832 291 1875 wantohn.
339 1825 407 1881 lesu
431 1843 513 1900 quem
539 1826 680 1903 diligebat
708 1827 800 1883 lesus.
839 1826 918 1893 Quid
941 1826 1060 1895 dixerit,
1092 1825 1120 1880 in
1142 1825 1216 1895 sinu,
1237 1824 1328 1900 paulo

339 1923 407 1988 post
430 1913 480 1979 ait,
504 1912 553 1968 ubi
575 1914 660 1970 dicit:
692 1916 787 1990 Super
806 1925 910 1990 pectus
931 1913 1007 1969 lesu.
1032 1913 1098 1988 lpse
1120 1924 1161 1968 est
1182 1912 1329 1969 lohannes
1343 1910 1371 1963 ¹5

341 1999 422 2055 cuius
445 2011 488 2055 est
511 2001 565 2056 boc
588 2002 782 2078 euangelium,
814 2001 888 2057 sicut
908 2011 1010 2074 postea
1042 1999 1218 2074 manifestat.
1252 1998 1329 2054 Erat

342 2086 416 2142 enim
441 2088 492 2143 hec
515 2105 615 2143 eorum
640 2089 816 2144 consuetudo
840 2089 889 2162 qni
915 2102 1017 2143 sacras
1040 2086 1121 2142 nobis
1144 2086 1246 2143 literas
1276 2085 1329 2141 mi·

342 2174 477 2243 nistrant,
511 2187 541 2230 nt
573 2176 688 2249 quando
712 2176 748 2231 ab
771 2175 868 2250 aliquo
902 2192 1002 2230 eorum
1027 2174 1123 2229 diuina
1147 2173 1330 2229 narrabatur

344 2261 476 2333 historia,
501 2280 564 2318 cnm
589 2264 629 2318 ad
650 2281 681 2319 se
697 2263 790 2338 ipsum
816 2262 927 2318 veniret
943 2272 1089 2335 tamquam
1106 2261 1142 2317 de
1157 2261 1215 2316 alio
1232 2261 1329 2334 loque·

344 2359 427 2404 retur
450 2360 476 2405 et
493 2349 534 2405 sic
557 2367 588 2405 se
604 2350 745 2406 insereret
768 2349 867 2405 ordini
889 2348 1072 2404 narracionis
1095 2365 1156 2419 sue,
1180 2358 1328 2422 tamquam
1342 2361 1375 2396 20

344 2454 443 2491 rermn
454 2447 608 2512 gestarum
625 2437 755 2513 scriptor
765 2455 820 2493 non
837 2447 984 2511 tamquam
996 2434 1042 2491 sui
1050 2434 1140 2511 ipsius
1146 2435 1328 2509 predicator.

344 2523 420 2578 Nam
453 2534 480 2579 et
509 2523 563 2580 lioc
585 2535 703 2580 sanctus
726 2524 876 2579 Mattheus
901 2523 987 2597 jecit,
1020 2523 1069 2597 qui
1098 2540 1161 2577 cum
1196 2522 1329 2577 intentu

343 2611 527 2667 narracionis
550 2630 600 2667 sue
624 2611 744 2667 uenisset
767 2611 807 2665 ad
840 2629 871 2667 se
903 2611 1013 2686 ipsum:
1050 2609 1137 2681 Vidit,
1169 2609 1269 2683 inquit,
1302 2608 1329 2663 in

343 2698 449 2754 telonio
469 2700 614 2755 sedentem
635 2699 778 2774 quendam
805 2697 990 2772 publicanum
1018 2697 1131 2753 nomine
1157 2696 1330 2765 oloritreum,

343 2797 371 2841 et
393 2786 433 2840 ait
457 2785 515 2840 illi:
538 2787 665 2860 Sequere
688 2804 742 2842 me.
769 2786 833 2840 Non
857 2784 912 2839 ait:
941 2784 1017 2839 Vidit
1033 2802 1078 2839 nie
1093 2795 1120 2839 et
1137 2783 1213 2838 dixit
1234 2781 1373 2841 miclii.25

342 2873 409 2928 Hoc
424 2872 502 2947 jecit
525 2884 552 2929 et
575 2874 674 2929 beatus
697 2873 830 2950 Moyses.
857 2874 902 2927 lta
927 2872 962 2927 de
984 2889 1016 2928 se
1038 2871 1100 2947 ipso
1124 2881 1270 2944 tamquam
1296 2869 1332 2925 de

343 2959 401 3015 alio
425 2971 526 3016 cuncta
551 2960 687 3016 narrauit
714 2971 744 3014 ut
771 2960 826 3014 ait:
850 2959 936 3014 Dixit
959 2959 1102 3013 Dominus
1130 2958 1170 3012 ad
1191 2957 1328 3035 Moysen.

345 3047 517 3104 Inusitacius
540 3049 689 3123 apostolus
714 3047 832 3115 Paulus,
865 3065 920 3102 non
952 3046 980 3100 in
1005 3044 1125 3102 ltistoria
1150 3044 1198 3099 ubi
1228 3061 1329 3099 rerum

343 3145 497 3211 gestarum
521 3135 680 3211 suscipitur
702 3134 878 3209 explicanda
904 3132 1051 3203 narracio,
1074 3133 1127 3188 sed
1150 3131 1177 3186 in
1209 3131 1330 3206 epistola

344 3221 398 3277 ltoc
413 3221 498 3296 fecit.
533 3222 610 3277 Nam
643 3222 739 3296 utique
771 3223 807 3277 de
828 3239 860 3276 se
883 3221 943 3296 ipso
966 3219 1022 3275 ait:
1046 3220 1111 3275 Scio
1135 3217 1277 3273 bominem
1301 3217 1330 3272 in
1341 3216 1375 3266 30

348 3308 466 3365 Christo
482 3320 549 3365 ante
563 3328 654 3365 annos
668 3308 898 3384 quatuordecim,
918 3307 979 3363 siue
994 3307 1021 3362 in
1038 3324 1161 3382 corpore
1172 3305 1330 3361 siveestra

344 3415 461 3472 corpus,
495 3397 600 3468 nescio,
632 3397 713 3453 Deus
743 3397 807 3461 scit,
840 3406 957 3471 raptum
982 3393 1148 3449 huiusmodi
1181 3409 1269 3467 usque
1302 3392 1330 3446 in

344 3485 465 3540 tercium
483 3486 585 3545 celum.
612 3481 758 3551 Quocirca
776 3484 853 3558 quod
868 3482 957 3538 eciam
975 3481 1021 3536 hic
1037 3482 1136 3536 beatus
1151 3479 1330 3557 euangelista

345 3591 401 3626 mm
423 3572 479 3628 ait:
511 3572 605 3628 Eram
642 3571 811 3628 recmnbens
834 3570 861 3624 in
885 3570 949 3625 sinn
971 3569 1049 3639 lesu,
1081 3568 1133 3623 sed
1161 3566 1217 3622 ait:
1255 3566 1330 3621 Erat

346 3660 515 3715 rectoribcns
544 3677 616 3715 tenus
639 3677 678 3716 as·
701 3658 859 3733 discipulis,
888 3669 1056 3713 nostrorum
1088 3644 1240 3710 auclorum
1266 3651 1373 3708 con-35

344 3747 524 3803 sncttniincm
542 3765 737 3824 agnoscamus
757 3745 859 3820 pocius
876 3763 960 3818 qnam
978 3743 1129 3799 miremur.
1158 3741 1237 3809 Quid
1256 3740 1329 3796 enim

346 3834 457 3910 deperit
484 3835 609 3902 ueritati,
632 3834 746 3907 qnando
770 3844 796 3887 et
821 3851 868 3887 res
891 3833 953 3906 ipsa
978 3831 1083 3886 dicitnr
1106 3841 1132 3884 et
1157 3829 1242 3882 modo
1262 3845 1329 3902 quo-

346 3918 413 3978 dam
439 3921 554 3977 diremti
586 3921 727 3976 iactancia
760 3920 914 3976 devitatur.
955 3918 1020 3973 Hoc
1051 3917 1155 3992 qnippe
1188 3914 1330 3970 narrabat

346 4009 422 4083 qnod
445 4009 485 4064 ad
508 4009 567 4065 eins
591 4010 706 4064 laudem
732 4008 893 4063 maximam
914 4005 1088 4082 pertinebat.

401 4295 415 4325 ι.
433 4284 450 4323 Λ
469 4294 490 4323 ιιι
508 4293 593 4331 tinisa:
611 4279 679 4323 Nota.
696 4280 757 4321 Nota
772 4279 874 4335 logicam
889 4276 1025 4330 Augustini.
1127 4275 1140 4317 8
1164 4274 1197 4316 A:
1212 4273 1288 4315 altera
1303 4271 1332 4314 de

346 4336 421 4377 altero
512 4346 534 4374 io
558 4333 738 4374 (indifferent.
819 4342 853 4383 ²7·
874 4330 956 4372 Atait
970 4328 1040 4369 deest.

401 4459 653 4523 n'l.blnttli.lX‚is
727 4458 766 4506 28.
787 4457 869 4505 Exodi
890 4456 932 4515 Vl,
956 4470 975 4503 ι.
1048 4451 1331 4512 30.11.Cor.xt1‚2.
