3098 5130
570 478 660 528 orus
680 478 931 530 rviventium
958 478 1021 530 rin.
1041 479 1082 529 111.
1101 456 1181 544 [mr.
1197 473 1330 520 xxxvm.

339 640 484 715 cuiusque
522 640 664 698 hominis.
704 642 763 698 Sed
797 640 869 715 quid
909 641 1005 715 magis
1038 639 1217 709 hereticum,
1256 660 1329 699 cum

338 731 419 784 Deus
443 746 476 784 ex
500 727 705 786 immensitate
729 748 782 786 sua
807 728 978 786 necessario
1000 727 1039 785 sit
1061 727 1192 803 ubique?

166 804 288 849 W²¹¹¹¹¹⁸¹
381 817 418 871 Et
456 815 499 872 sic
535 817 738 890 profundatur
780 835 874 890 genus
920 817 1088 873 humanum
1131 815 1176 889 (in
1205 817 1330 890 Europa

129 857 319 965 ‹iiiiii‘erihririli
337 900 520 981 specialiter)
558 903 589 959 in
628 904 685 961 ista
724 903 819 961 heresi
852 902 943 960 nimis
978 921 1049 961 ceca
1086 904 1168 976 quod
1207 916 1330 978 oportet

132 962 319 1058 ³⁵²hsslsme⁰w
338 1003 432 1047 totam
467 991 647 1048 militantem
687 991 845 1048 ecclesiam
886 990 954 1048 duci
989 1009 1043 1065 per
1075 990 1210 1064 regimen
1242 990 1357 1048 Anti-5

338 1076 453 1133 christi.
477 1081 519 1135 Ex
544 1078 602 1135 fide
625 1077 747 1152 quidem
774 1078 987 1152 cognoscimus
1004 1078 1086 1152 quod
1102 1096 1165 1135 non
1181 1079 1329 1135 debemus

337 1164 421 1239 sequi
451 1167 571 1223 Petrum
610 1167 655 1222 vel
680 1165 811 1241 aliquem
846 1167 1030 1240 apostolum,
1059 1164 1117 1222 nisi
1146 1166 1183 1222 de
1211 1178 1329 1239 quanto

337 1251 401 1326 ipse
437 1266 557 1310 secutus
592 1252 680 1310 suerit
719 1253 876 1310 dominum
915 1255 1016 1309 Jesum
1056 1251 1222 1321 Christum,
1255 1251 1329 1328 quia

337 1340 374 1396 de
406 1354 521 1416 quanto
556 1339 665 1414 aliquis
704 1359 721 1397 a
754 1339 875 1397 Christo
907 1339 1078 1409 deviaverit,
1117 1339 1290 1397 necessario
1310 1358 1329 1397 a

337 1425 456 1484 iusticia
479 1426 658 1504 obliquabit.
701 1431 769 1484 Non
798 1427 876 1485 enim
904 1429 1048 1485 debemus
1069 1427 1155 1502 sequi
1194 1429 1327 1497 Petrum,
1343 1446 1374 1480 ro

338 1515 464 1571 Paulum
493 1515 539 1572 vel
562 1517 716 1590 apostolos
740 1514 825 1587 alios,
854 1516 891 1571 de
914 1527 1029 1589 quanto
1054 1514 1111 1589 ipsi
1136 1514 1328 1589 blasphema-

336 1601 433 1658 verint
468 1602 499 1658 in
532 1602 689 1659 dominum
718 1604 820 1659 Jesum
850 1601 1019 1672 Christum;
1054 1603 1106 1659 sed
1139 1603 1177 1658 de
1209 1615 1327 1677 quanto

338 1687 395 1762 ipsi
428 1707 462 1746 ex
495 1689 553 1746 fide
585 1689 680 1747 secuti
714 1690 834 1746 fuerunt
865 1688 989 1763 vestigia
1012 1692 1081 1746 lesu
1109 1687 1221 1759 nostri;
1256 1688 1326 1746 ideo

338 1775 412 1831 dicit
444 1777 609 1851 Apostolus
643 1779 653 1833 1
683 1778 752 1834 Cor.
782 1779 830 1835 Xl.
864 1796 888 1833 i:
928 1777 1094 1833 imitatores
1131 1777 1189 1833 mei
1225 1787 1326 1845 estote,

337 1863 412 1919 sicut
440 1875 467 1919 et
495 1882 551 1941 ego
579 1864 698 1923 Christi.
732 1867 807 1921 Cum
838 1882 909 1938 ergo
937 1864 999 1921 vita
1029 1863 1167 1922 Christus
1201 1863 1240 1921 sit
1268 1862 1370 1920 im-ri

339 1950 533 2024 peccabiliter
563 1964 635 2008 nota
665 1952 760 2025 magis
790 1970 881 2026 quam
910 1950 970 2008 vita
1000 1951 1206 2027 cuiuscunque
1235 1969 1325 2026 pape,

338 2038 447 2094 stultus
483 2039 560 2095 foret
583 2038 634 2112 qui
668 2053 864 2114 cognosceret
887 2038 976 2095 istam
1000 2039 1092 2096 vitam
1121 2052 1242 2096 etcum
1267 2039 1325 2095 hoc

338 2139 516 2200 sequeretur
540 2124 656 2183 monita
680 2127 748 2184 talis
774 2145 865 2201 pape:
890 2128 1034 2183 dehemus
1058 2126 1183 2202 inquam
1200 2124 1325 2183 obedire

339 2212 460 2269 monitis
483 2212 632 2270 viatorum
658 2216 709 2271 sed
734 2214 849 2288 precise
872 2215 909 2269 de
932 2227 1028 2282 tanto,
1052 2215 1090 2270 de
1113 2226 1228 2288 quanto
1252 2231 1325 2270 con-

338 2314 448 2358 sonant
482 2301 605 2357 monitis
641 2301 756 2358 domini
792 2305 861 2358 lesu
895 2301 1017 2358 Christi.
1056 2303 1219 2375 Temptate
1252 2317 1370 2376 ergoro

338 2388 472 2463 spiritus,
506 2388 530 2444 si
564 2406 597 2444 ex
623 2391 686 2445 Deo
715 2402 784 2446 sunt
817 2403 845 2445 et
877 2407 939 2445 non
969 2387 1100 2462 amplius
1129 2388 1219 2446 facite
1241 2388 1325 2463 quod

338 2494 428 2550 papa,
453 2475 627 2546 cardinalis,
651 2475 822 2550 episcopus,
843 2477 988 2550 prelatus,
1007 2488 1105 2533 rector
1121 2477 1168 2533 vel
1182 2477 1326 2533 sacerdos

339 2563 458 2620 iusserit
480 2563 664 2620 faciendum.

121 2652 328 2714 Theobrervance
381 2652 418 2708 Et
446 2650 503 2708 ista
531 2652 636 2724 regula
669 2664 812 2725 purgaret
849 2650 967 2707 fidelem
998 2649 1155 2707 ecclesiam
1186 2651 1225 2706 ab
1253 2647 1326 2706 insi-

131 2705 456 2818 ivgipiiiali'ispiencia
490 2738 677 2795 Antichristi.
714 2741 774 2795 Nec
808 2753 851 2795 est
879 2737 1024 2813 possibile
1057 2739 1167 2795 habere
1199 2754 1233 2794 ex
1266 2735 1369 2794 fide25

152 2810 298 2917 sffiess‘ss'yll
338 2825 487 2900 scripture
504 2826 549 2881 vel
567 2824 689 2882 racione
711 2826 866 2883 efficacem
889 2825 1077 2883 evidenciam
1103 2838 1209 2882 contra
1231 2823 1325 2881 istud.

155 2913 294 2957 Antichrisr.
339 2913 409 2968 ldeo
433 2927 573 2987 quereret
597 2912 694 2969 fidelis
718 2915 756 2970 de
779 2913 979 2988 indulgenciis
1013 2912 1163 2970 concessis
1192 2930 1325 2987 apapa,

338 3001 375 3056 de
404 2999 649 3057 absolucionibus
678 3020 694 3058 a
725 3019 805 3075 pena
833 3015 862 3058 et
886 3002 976 3075 culpa
1000 3020 1068 3058 cum
1094 2999 1201 3057 ceteris
1225 2999 1324 3056 infun-

338 3085 479 3143 dabiliter
502 3087 652 3145 fabulatis.

135 3175 157 3270 1¹¹l
161 3174 247 3270 sussglnq
262 3174 309 3270 {plcet
382 3176 419 3229 Et
435 3173 551 3231 utinam
570 3193 655 3250 reges
673 3188 701 3232 et
717 3174 833 3232 domini
850 3176 950 3233 forent
967 3175 997 3232 in
1019 3175 1076 3233 ista
1099 3174 1157 3232 fide
1173 3171 1324 3231 catholica
1336 3178 1369 3231 30

141 3280 308 3335 spoliationoi·
339 3260 478 3333 stabiliti;
511 3276 582 3319 tuuc
614 3281 698 3337 reges
731 3277 760 3320 et
792 3262 944 3338 principes
979 3277 1100 3338 possent
1130 3260 1259 3318 fideliter
1281 3260 1325 3318 sic

153 3332 294 3427 coffi‘gffls
339 3366 465 3422 arguere
494 3349 695 3408 Antichristo:
735 3353 796 3407 Nos
829 3369 889 3408 non
923 3365 1061 3408 tenemur
1093 3348 1178 3426 sequi
1212 3366 1323 3423 papam

339 3437 385 3492 vel
409 3438 559 3511 prelatum
584 3437 689 3508 alium,
719 3437 776 3494 nisi
801 3439 837 3495 de
862 3452 977 3512 quanto
1001 3438 1066 3513 ipse
1089 3450 1210 3496 secutus
1234 3433 1325 3493 suerit

338 3523 496 3581 dominum
520 3528 621 3582 Jesum
652 3525 818 3597 Christum,
853 3526 906 3582 sed
938 3545 999 3584 non
1033 3527 1127 3585 claret
1156 3522 1246 3582 nobis
1277 3523 1324 3580 vel

338 3611 466 3669 consilio
481 3626 586 3670 nostro
603 3615 685 3687 quod
703 3632 783 3688 papa
806 3613 848 3669 sic
864 3613 1024 3687 spoliando
1042 3631 1168 3689 regnum
1184 3624 1323 3669 nostrum
1336 3612 1367 3668 35

338 3698 368 3755 in
397 3701 455 3757 hoc
490 3700 626 3776 sequitur
654 3700 812 3757 dominum
836 3702 937 3757 Jesum
962 3700 1126 3762 Christum.
1159 3701 1229 3757 ldeo
1260 3716 1323 3755 non

338 3788 484 3844 debemus
507 3787 537 3843 in
563 3789 620 3844 hoc
649 3805 727 3862 pape
756 3787 878 3844 monitis
900 3787 1079 3848 consentire.
1102 3791 1200 3845 Docto
1220 3799 1324 3843 tamen

339 3876 419 3948 quod
446 3894 525 3950 papa
549 3873 579 3930 in
605 3876 662 3931 hoc
685 3874 822 3948 sequitur
846 3875 1004 3933 dominum
1029 3879 1130 3933 lesum
1155 3872 1322 3949 Christum,

339 3962 436 4035 parati
460 3980 565 4019 sumus
589 3975 621 4018 ut
646 3962 748 4019 fideles
768 3961 822 4019 filii
839 3962 963 4020 ecclesie
980 3962 1041 4020 suis
1058 3960 1181 4021 monitis
1198 3977 1324 4019 consen·

338 4048 404 4105 tire.
444 4049 548 4106 Primo
586 4067 658 4123 ergo
697 4063 894 4107 evacuaretur
932 4069 986 4125 per
1023 4050 1104 4108 istud
1137 4046 1368 4125 principium4o

339 4135 481 4193 collector
520 4154 599 4211 pape
637 4137 772 4210 spolians
804 4136 940 4195 dominia
979 4156 1083 4213 regum
1123 4149 1212 4210 terre,
1251 4133 1323 4210 quia

338 4237 451 4280 certum
487 4225 574 4280 debet
607 4242 671 4281 esse
699 4224 837 4281 fidelibus
867 4225 983 4282 clericis
1007 4244 1111 4300 regum
1137 4238 1216 4282 terre
1239 4222 1323 4298 quod

390 4440 409 4484 l.
424 4445 457 4485 A:
478 4440 580 4498 Eurepa.
661 4444 682 4484 ὁ.
703 4446 736 4486 A:
752 4444 843 4499 quidem
857 4444 930 4487 deest.
997 4440 1324 4488 10.A:Ctiristrml’etrum.
