3098 5130
576 487 665 537 01>sz
685 486 937 538 svnnoemcuu
963 484 1026 535 rm.
1047 484 1087 535 111.
1154 466 1235 549 [cnr.
1251 484 1326 529 xvn.

340 667 455 706 errores
495 649 692 707 militancium
728 653 764 707 de
803 650 955 707 erroribus
993 651 1211 724 sepulcrorum.
1247 652 1326 707 Nam

339 737 421 794 racio
445 736 605 794 necessitat
629 739 710 812 quod
735 738 839 794 fideles
863 739 987 794 credant
1004 738 1071 811 plus
1094 736 1168 794 vivis
1184 736 1329 811 operibus

339 838 513 880 sanctorum
551 825 711 899 spirituum
745 844 836 899 quam
871 824 999 882 mortuis
1037 823 1228 882 illusionibus
1267 843 1329 900 que

341 911 415 967 liunt
448 912 652 969 communiter
684 932 738 987 per
771 911 925 969 diabolum
960 911 990 968 in
1022 911 1180 987 presencia
1218 911 1326 969 talium

340 999 562 1072 sepulcrorum3
587 1014 615 1056 et
638 999 707 1057 ideo
731 1019 792 1056 non
816 999 880 1056 sine
904 1017 996 1057 causa
1020 999 1158 1056 Christus
1180 990 1279 1056 noluit
1295 1000 1355 1056 sei

340 1086 448 1159 ipsum,
474 1101 600 1144 matrem
625 1107 721 1159 suam,
746 1086 912 1161 Baptistam
943 1100 972 1144 et
995 1100 1112 1144 ceteros
1144 1105 1230 1144 caros
1255 1105 1329 1161 apo·

340 1174 433 1229 stolos
457 1174 569 1254 talibus
592 1175 722 1232 adorari.
759 1176 828 1231 ldeo
861 1194 921 1231 non
945 1174 1071 1231 dubitun
1096 1173 1221 1231 affectus
1243 1173 1329 1231 vian-

341 1260 419 1316 cium
445 1261 475 1318 in
500 1262 609 1318 talibus
633 1261 868 1319 adriracionibus
891 1275 961 1319 sunt
984 1261 1128 1322 subversi.

382 1348 458 1406 Tota
484 1349 538 1406 ista
565 1349 690 1407 materia
723 1362 822 1424 posset
855 1363 916 1406 tam
946 1348 1103 1406 scolastice
1128 1367 1218 1424 quam
1242 1349 1329 1404 theo·

340 1434 435 1508 logice
458 1435 589 1493 dilatari.
1343 1454 1375 1488 10

708 1657 813 1724 CAP.
837 1658 957 1723 XVII.

145 1807 313 1861 liigtnnwoe.
386 1801 534 1859 Ultimum
567 1803 609 1859 Ve
642 1802 672 1858 in
704 1803 858 1877 evangelio
891 1801 1017 1859 lllatthei
1050 1801 1188 1877 sequitur
1215 1801 1247 1859 in
1270 1800 1329 1858 hiis

341 1889 452 1946 verbis:
483 1891 521 1945 Ve
545 1890 624 1946 uobis
646 1890 741 1946 scribe
763 1903 790 1946 et
802 1889 936 1966 pharisei
943 1890 1096 1968 ypocrita,
1120 1890 1169 1965 qui
1185 1889 1330 1969 edificatis

341 1978 475 2052 sepulcra
495 1979 710 2053 prophetarum
734 1989 761 2033 et
784 1977 895 2034 ornaris
918 1989 1102 2033 monumenta
1126 1977 1267 2034 iustorum
1301 1987 1329 2032 et

343 2065 445 2135 dicitis,
477 2064 503 2119 si
525 2065 689 2139 fuissemus
722 2065 750 2119 in
786 2064 886 2121 diebus
915 2076 1036 2139 patrum
1066 2075 1244 2137 nostrorum,
1272 2081 1329 2119 non
1344 2068 1373 2118 15

343 2151 505 2225 fuissemus
528 2151 600 2206 socii
630 2169 729 2207 eorum
754 2152 782 2206 in
805 2151 948 2229 sanguine
967 2153 1201 2228 prophetarum
1234 2151 1330 2227 itaque

343 2238 503 2294 testimonio
528 2238 595 2294 estis
619 2239 757 2294 vobismet
781 2239 859 2313 ipsis,
899 2239 965 2313 quio
985 2237 1050 2314 filii
1071 2239 1139 2296 estis
1162 2257 1262 2295 eorum
1278 2237 1331 2315 qui

342 2326 501 2402 prophetas
524 2326 700 2381 occiderunt.

176 2402 280 2445 l⁰f⁰¹¹¹⁰²
388 2415 485 2487 Super
517 2431 578 2488 quo
609 2414 801 2486 leronymus:
835 2411 1066 2468 Prudentissimo
1093 2412 1257 2491 sillogismo
1280 2429 1329 2468 co·

146 2455 315 2550 ClrllilllllM
344 2500 445 2556 ararit
468 2518 515 2556 eos
539 2517 599 2555 esse
613 2499 698 2576 filios
721 2499 944 2571 homicidarum,
977 2499 1045 2554 dnm
1079 2499 1168 2574 ipsius
1197 2498 1376 2575 opinionem

145 2560 316 2613 plrurisecsarc
380 2546 410 2598 τ’.
459 2587 464 2598 .
613 2587 618 2599 .
654 2587 660 2598 .
1009 2587 1014 2597 .

183 2625 238 2654 sons
253 2612 279 2653 01·
344 2588 478 2643 bonitatis
493 2599 520 2643 et
534 2588 634 2667 glorie
649 2607 676 2642 ru
690 2587 799 2663 populo
815 2588 949 2661 sepulcra
967 2585 1102 2662 edificant
1115 2587 1329 2663 prophetarum

156 2666 297 2707 ¹¹¹¹¹sl⁰s⁰s⁵'
343 2693 413 2749 quos
436 2674 563 2730 rrraiores
585 2691 685 2730 eorum
710 2674 920 2748 iuterfecerunt
944 2684 971 2729 et
994 2673 1102 2745 dicunt,
1124 2673 1150 2730 si
1165 2673 1331 2748 fuissemus

343 2762 371 2817 in
403 2761 453 2817 illo
485 2772 625 2837 tempore,
657 2780 712 2817 non
738 2760 914 2835 fecissemus
942 2779 974 2816 ea
998 2778 1051 2835 que
1065 2762 1206 2836 fecerunt
1225 2772 1330 2837 patres

344 2848 444 2905 nostri.
477 2848 543 2905 Hoc
577 2860 672 2904 autem
704 2848 824 2906 eciamsi
853 2866 987 2905 sermone
1009 2866 1065 2904 non
1102 2847 1208 2917 dicant,
1241 2865 1331 2924 opere

273 2960 278 2972 ·
344 2936 510 3011 loquuntur,
542 2953 580 2992 ex
611 2954 643 2992 eo
674 2935 753 3011 quod
783 2935 937 2992 ambiciose
969 2946 995 2990 et
1018 2934 1173 3013 magnifice
1195 2934 1375 3012 edficantni

345 3024 501 3079 memorias
524 3022 697 3094 occisorum,
725 3040 795 3097 quos
818 3042 835 3077 a
855 3022 990 3097 patribus
1012 3022 1072 3078 suis
1099 3021 1246 3099 iugulatos
1268 3039 1331 3078 esse

345 3129 400 3165 non
424 3121 541 3187 tregam.

388 3197 427 3252 Et
451 3216 501 3253 vos
525 3197 641 3273 implete
664 3215 830 3253 mensuram
855 3208 976 3272 patrum
1010 3209 1195 3266 vestrorum
1221 3195 1331 3273 probat

344 3283 542 3359 superioribus
566 3284 649 3340 dictis
673 3285 750 3359 quod
764 3284 826 3361 filii
848 3295 940 3340 essent
956 3284 1169 3340 homicidarum
1187 3294 1330 3341 eteorum

345 3371 393 3444 qni
412 3372 573 3447 prophetas
597 3371 777 3444 occidissent,
811 3390 885 3427 nunc
917 3371 1061 3428 concludit
1091 3371 1170 3448 quod
1197 3371 1378 3433 vulnerot30

346 3470 371 3512 er
394 3459 478 3533 qnasi
499 3471 663 3515 extremam
687 3459 860 3539 syllogismi
877 3470 995 3534 partem
1017 3458 1119 3533 ponit:
1142 3458 1182 3514 Et
1205 3476 1256 3515 vos
1279 3458 1332 3514 im-

343 3545 420 3619 plete
443 3565 608 3602 mensuram
629 3557 748 3622 patrum
774 3558 948 3602 vestrorum.
978 3547 1065 3614 Quod
1087 3545 1146 3602 illis
1169 3545 1261 3621 defuit
1281 3563 1333 3601 vos

346 3633 476 3709 implere:
496 3634 540 3688 illi
553 3633 763 3708 interfecerunt
778 3651 889 3703 servos,
917 3652 969 3690 vos
985 3633 1142 3690 Dominum
1160 3631 1330 3712 crucifigite.

349 3720 395 3775 Illi
413 3723 585 3797 prophetas,
622 3739 672 3776 uos
701 3740 765 3777 enm
794 3721 844 3796 qni
864 3741 881 3776 a
903 3721 1056 3797 prophetis
1079 3721 1252 3795 predicatus
1274 3729 1333 3775 est:

346 3819 493 3883 serpentes
531 3819 557 3864 et
588 3808 736 3887 gerninina
769 3808 949 3883 uiperarmn,
986 3808 1130 3883 quomodo
1154 3806 1282 3885 fugietis
1313 3816 1376 3868 a35

347 3893 450 3950 iudicio
475 3894 600 3951 iehenne.
627 3893 692 3950 Hoc
715 3895 808 3971 ipsum
832 3907 859 3951 et
876 3895 1023 3952 lohannes
1039 3894 1173 3970 Baptista
1196 3894 1333 3951 dixerat:

400 4224 424 4255 rr.
441 4214 457 4253 ll
473 4212 496 4254 iu
512 4223 597 4263 muru:
615 4224 649 4266 17.
720 4226 750 4256 m.
763 4215 784 4255 A
799 4211 821 4254 in
838 4223 925 4264 maru:
940 4211 1087 4266 leronymus.

403 4370 439 4406 ιε.
467 4355 554 4405 llattlr.
580 4357 666 4415 xxm,
696 4358 805 4423 ari-[lo.
899 4372 934 4421 ru.
964 4356 1068 4403 Cumm.
1097 4355 1121 4401 in
1151 4351 1241 4401 llatth.
1268 4350 1284 4399 l.
1308 4365 1332 4399 c.

348 4442 371 4488 p.
395 4427 450 4476 188.
