3098 5130
208 525 275 568 ΠΛΡ·
296 511 414 593 xlell.]
479 528 525 578 DE
545 524 782 575 AN'l'lCllRlS'l'O
804 525 867 575 ΜΒ.
887 526 904 574 Ι.

208 703 285 747 tates
304 689 442 745 locorum
467 686 625 761 implicant
654 684 858 759 blasphemias
887 698 993 742 contra
1018 687 1124 753 Deum,
1157 701 1192 740 ac

207 778 231 833 si
265 775 455 833 intenderent
488 775 570 849 quod
603 776 682 830 Deus
721 785 764 830 est
803 786 945 847 acceptor
983 790 1193 846 personarum,

208 864 285 921 sicut
310 861 456 920 mundani
479 861 617 918 homines
641 861 772 918 exaltant
796 859 954 934 privilegia
977 878 1029 917 sue
1053 873 1132 916 terre
1148 859 1193 914 vel

206 952 339 1008 secundo
362 951 445 1024 quod
469 951 550 1006 Deus
578 967 640 1005 non
670 950 722 1005 dat
745 947 879 1022 graciam
909 945 1116 1004 indifferenter
1139 965 1194 1003 suo

182 1037 288 1096 sfiueli
312 1036 485 1111 ubicunque
508 1034 608 1108 luerit,
632 1054 667 1093 ac
690 1036 714 1092 si
739 1038 818 1092 Deus
834 1053 896 1092 non
917 1035 994 1091 foret
1018 1033 1195 1091 universalis

208 1125 350 1183 dominus
382 1123 482 1182 omnis
514 1137 603 1181 terre.
637 1124 697 1180 Sed
729 1121 805 1181 sciat
833 1122 902 1180 talis
932 1121 1082 1179 hereticus
1112 1122 1193 1197 quod

208 1212 323 1270 domini
348 1226 392 1270 est
416 1227 497 1269 terra
520 1224 549 1268 et
573 1209 745 1285 ubicunque
766 1210 796 1267 in
820 1210 935 1267 mundo
950 1208 1080 1267 voluerit
1095 1221 1195 1283 potest

209 1300 342 1375 graciam
376 1298 534 1375 impertiri.
567 1297 616 1355 Sic
646 1297 726 1355 enim
758 1297 812 1354 tuit
844 1295 946 1373 gracia
975 1315 1043 1354 cum
1073 1294 1194 1354 Christo

210 1390 411 1445 descendente
448 1388 487 1444 ad
526 1385 637 1443 inferos
676 1398 705 1443 et
744 1383 864 1442 Lucifer
902 1384 933 1441 in
966 1384 1030 1441 celo
1063 1382 1195 1458 perdidit
1214 1389 1405 1450 God’sasaceis

170 1474 342 1550 rograciam
368 1489 396 1533 et
419 1473 518 1530 induit
541 1486 700 1548 peccatum
725 1471 941 1543 irremissibile,
970 1490 1032 1529 non
1055 1474 1195 1528 obstante
1215 1449 1255 1486 ¹¹⁰¹
1269 1441 1357 1550 ppppcm
1373 1441 1403 1496 oy

210 1562 355 1637 dignitate
387 1561 446 1619 loci
480 1574 507 1618 et
541 1560 723 1618 comitancia
747 1561 935 1634 angelorum,
967 1559 1036 1616 ideo
1070 1564 1113 1629 (ut
1146 1557 1195 1615 hic

209 1649 391 1725 supponitur
423 1663 579 1723 tamquam
612 1647 763 1722 posterius
797 1660 830 1704 ut
858 1647 932 1704 fides
961 1645 1086 1704 ecclesie
1114 1665 1196 1703 assu-

211 1739 367 1811 mendum)
396 1738 480 1794 locus
502 1736 549 1792 vel
573 1737 707 1793 humana
735 1732 847 1792 eleccio
875 1748 918 1792 est
942 1733 1140 1809 impertinens
1163 1747 1196 1791 ut

209 1843 290 1899 papa
313 1825 359 1882 vel
382 1822 545 1882 cardinalis
569 1823 615 1880 vel
639 1821 749 1898 aliquis
775 1822 928 1881 moraliter
951 1823 1004 1880 fiat
1028 1824 1134 1879 bonus.
1164 1820 1195 1879 Si

172 1915 199 1966 15
211 1926 311 1970 autem
329 1911 368 1969 sit
385 1910 549 1986 pertinens,
568 1923 612 1967 est
633 1910 739 1986 pocius
756 1928 926 1984 repugnans
950 1908 1069 1966 veritati
1094 1909 1197 1966 catho-

211 2000 278 2070 lice,
311 2018 379 2056 cum
417 1997 552 2056 Christus
589 1997 680 2055 talem
710 1996 972 2055 circumstancium
1011 1999 1197 2071 deacceptat.

212 2089 305 2144 Multe
337 2099 406 2143 sunt
438 2087 513 2143 tales
546 2084 700 2142 evidencie
732 2103 808 2160 quas
840 2086 1050 2143 Ardmacanus
1083 2097 1112 2141 et
1145 2082 1196 2141 alii

213 2175 315 2231 fideles
348 2173 492 2249 colligunt
525 2174 607 2248 quod
638 2190 694 2230 nec
726 2171 858 2247 dignitas
891 2171 950 2230 loci
977 2173 1024 2229 vel
1051 2170 1197 2245 temporis

213 2261 284 2319 facit
307 2280 418 2336 papam
444 2277 507 2317 esse
524 2259 633 2317 Christi
657 2259 803 2317 vicarium
828 2258 869 2316 ita
894 2259 1018 2333 dignum
1043 2276 1099 2316 nec
1115 2259 1197 2333 quod

171 2367 203 2400 20
214 2351 318 2406 Petrus
359 2348 399 2406 sit
440 2346 716 2422 proporcionaliter
759 2347 906 2404 excellens
944 2364 1035 2421 super
1073 2358 1197 2403 cunctos

213 2451 338 2506 ceteros,
372 2435 450 2493 sicut
483 2433 606 2508 fingitur
638 2453 748 2508 papam
783 2434 926 2491 excellere
958 2452 1049 2508 super
1082 2445 1197 2490 ceteros

213 2523 370 2598 episcopos
394 2522 559 2579 universos.

256 2610 287 2667 Si
317 2628 387 2684 ergo
411 2609 490 2666 istud
514 2609 553 2666 sit
577 2610 787 2684 blasphemum
813 2607 1017 2682 mendacium,
1042 2608 1197 2683 quomodo
1226 2613 1392 2674 Christianae

120 2697 182 2762 415¹²
214 2699 289 2755 foret
314 2692 319 2780 l
345 2696 469 2755 ecclesie
501 2695 628 2753 occidue
660 2697 901 2764 fundamentum,
934 2716 1003 2754 cum
1031 2697 1196 2753 secundum
1216 2665 1407 2762 {plcetcpprppricsn

173 2786 202 2836 25
215 2785 295 2843 dicta
319 2785 422 2860 priora
446 2797 568 2859 oportet
591 2784 824 2841 fundamentum
850 2783 975 2841 ecclesie
1003 2802 1067 2840 esse
1090 2783 1197 2852 fidem;
1255 2769 1367 2814 founded.

215 2886 243 2929 et
275 2872 346 2930 hinc
379 2870 508 2928 dicimus
536 2872 574 2927 ad
601 2889 722 2927 sensum
752 2871 937 2929 catholicum
966 2872 1048 2945 quod
1073 2868 1199 2927 ecclesia

215 2959 327 3018 Christi
351 2959 496 3017 fundatur
523 2977 614 3032 supra
642 2971 758 3033 petram
788 2978 848 3033 que
875 2973 920 3015 est
948 2958 1096 3030 Christus,
1129 2975 1198 3014 cum

214 3047 277 3122 ipse
310 3046 392 3105 dicat
425 3046 551 3103 Matthei
584 3048 658 3116 XVl,
688 3048 739 3103 18:
778 3047 820 3102 Tu
853 3064 884 3102 es
916 3048 1021 3103 Petrus
1053 3057 1079 3101 et
1110 3062 1200 3120 super

214 3137 289 3191 hanc
307 3146 424 3210 petram
448 3133 588 3212 edficabo
612 3134 761 3190 ecclesiam
786 3153 891 3207 meam,
918 3152 980 3190 non
1003 3132 1200 3206 intelligendo

174 3223 297 3297 30quod
337 3223 442 3278 Petrus
480 3234 544 3278 erat
577 3221 778 3294 personaliter
810 3220 860 3278 illa
893 3234 990 3294 petra,
1030 3222 1082 3277 sed
1118 3221 1199 3294 quod

216 3311 320 3366 Petrus
338 3303 511 3383 ‘figurative
544 3306 700 3365 dicebatur
731 3327 749 3365 a
778 3320 863 3383 petra
892 3325 951 3382 que
979 3320 1023 3364 est
1047 3306 1199 3378 Christus;

215 3414 306 3471 super
337 3414 428 3471 quam
462 3408 580 3469 petram
620 3408 664 3452 est
700 3395 825 3453 ecclesia
859 3392 1010 3452 catholica
1049 3393 1200 3468 erigenda.

216 3482 300 3540 Sicut
333 3496 434 3540 autern
468 3484 574 3539 Petrus
607 3482 712 3540 habuit
744 3483 897 3558 quandam
932 3481 1060 3555 figuram
1090 3480 1201 3555 premi-

216 3569 321 3626 nencie
344 3568 433 3627 huius
457 3568 563 3644 capitis
588 3584 616 3626 et
640 3569 828 3627 fundamenti
853 3568 988 3639 ecclesie,
1012 3568 1055 3625 sic
1071 3570 1200 3625 Jacobus

174 3657 268 3732 35qui
292 3656 347 3713 luit
371 3670 527 3732 tamquam
546 3656 682 3713 Christus
707 3657 866 3731 episcopus
888 3657 1066 3726 Jerusalem,
1092 3656 1200 3712 Paulus

216 3744 267 3819 qui
284 3744 339 3800 luit
355 3744 432 3801 sicut
449 3743 590 3801 dominus
607 3758 755 3818 perpetuo
773 3743 883 3801 mansit
900 3741 995 3817 virgo,
1020 3757 1049 3800 et
1072 3741 1201 3799 breviter

216 3831 389 3907 quicunque
405 3831 535 3906 apostoli
551 3832 597 3888 vel
612 3830 708 3888 sancti
724 3832 835 3888 habent
851 3832 1006 3906 quandam
1023 3829 1199 3902 dignitatem

217 3938 270 3993 per
293 3938 383 3993 quam
410 3918 540 3992 figurant
564 3917 758 3993 singulariter
781 3931 872 3994 caput
895 3936 999 3987 suum3
1029 3929 1058 3973 et
1082 3919 1120 3974 ad
1144 3917 1201 3974 hoc

216 4006 341 4081 quidam
371 4005 503 4063 referunt
531 4005 717 4063 sentenciam
749 4004 837 4062 huius
861 4018 966 4063 textus.
999 4006 1066 4062 Non
1090 4017 1134 4062 est
1158 4004 1202 4061 in·

172 4107 321 4165 4oventus
350 4092 456 4150 similis
483 4093 527 4150 illi
552 4093 603 4168 qui
632 4106 822 4151 conservaret
851 4093 948 4168 legem
973 4090 1089 4153 excelsi.
1121 4090 1202 4149 Nulli

217 4179 296 4238 enim
321 4194 497 4238 sanctorum
521 4194 590 4240 sunt
614 4179 739 4240 omnino
762 4179 876 4238 similes
900 4182 952 4237 sed
968 4181 1049 4240 Deus
1074 4178 1104 4239 in
1128 4197 1202 4254 quo·

269 4478 288 4523 3.
302 4481 336 4524 A:
352 4479 455 4524 homines
470 4481 540 4526 deest.
