3098 5130
215 509 284 554 cnr.
299 495 372 578 xio]
496 513 541 561 on
560 512 798 561 Anrtcnntsro
820 513 882 561 utu.
902 513 920 561 t.
1378 519 1418 572 47

215 675 362 730 hominnm
386 673 581 749 spiritualium
605 674 745 733 salutem:
767 692 872 729 aterum
896 686 991 730 utitem
1015 676 1093 750 qnod
1115 676 1200 731 estin
1238 683 1336 736 Tempte
1350 684 1395 727 ana

215 763 322 837 templo
357 763 401 817 vel
433 761 539 817 dorium
573 762 650 835 qnod
682 771 724 817 est
754 779 844 837 snper
876 762 972 817 altare
1006 763 1045 819 ad
1071 763 1200 840 gloriam
1221 736 1412 835 iiffiislsfiffl‘

117 840 182 909 4⁰5?
216 850 329 924 quidem
354 849 413 905 Dei
430 849 568 924 pertinet,
596 859 622 904 et
649 848 742 924 ipsnm
766 860 861 904 tamen
887 868 990 905 nurum
1012 844 1016 928 Ι
1038 862 1064 906 et
1096 841 1408 937 t01221112⁸⁰¹⁶„2,1¹,.d,-{3,1,¹’¹⁵

216 937 312 1014 iringis
334 937 374 991 ad
397 937 620 993 delectacionem
645 936 793 991 bominum
818 948 844 992 et
867 937 906 991 ad
930 937 1081 994 utilitatem
1106 956 1203 994 sacer·
1250 906 1325 988 rlun's
1340 957 1388 989 use·

190 1026 314 1081 bdotnm
339 1025 464 1098 offertur
486 1042 575 1099 snper
597 1024 703 1081 altare.
726 1023 812 1080 Judei
843 1042 916 1102 ergo
941 1043 1046 1080 atrrnm
1072 1043 1126 1100 quo
1150 1026 1206 1101 ipsi

216 1112 436 1168 delectabantur
468 1121 495 1167 et
528 1111 603 1167 dona
627 1111 730 1186 quibus
752 1111 809 1187 ipsi
832 1112 1029 1187 pascebantur
1052 1113 1203 1169 sanccione

217 1200 349 1255 dicebant
372 1216 435 1255 esse
458 1216 543 1273 quom
567 1199 661 1273 ipsnrn
686 1199 825 1274 templum
849 1210 876 1255 et
899 1200 1005 1271 altare,
1029 1211 1059 1255 nt
1076 1200 1205 1257 homines

213 1286 418 1363 prompciores
444 1286 556 1363 fierent
588 1286 628 1340 ad
659 1287 807 1361 offerenda
833 1287 908 1342 dotia
932 1304 1017 1361 qucum
1042 1288 1082 1343 ad
1102 1306 1205 1363 preces

217 1375 391 1449 snrtdendas
413 1374 441 1429 in
465 1374 572 1449 templo
596 1384 646 1428 aut
670 1372 799 1429 iusticias
815 1374 981 1448 faciendos.
1006 1374 1095 1430 Multi
1113 1375 1203 1431 eciam

175 1473 243 1519 roet
267 1480 341 1518 nunc
364 1461 518 1517 christiani
539 1460 580 1516 sic
604 1459 772 1537 insipienter
795 1460 969 1538 intelligunt.

259 1549 336 1606 Ecce
367 1549 441 1605 eninr
473 1549 500 1603 si
529 1549 627 1622 aliqua
653 1549 752 1623 snerit
784 1566 882 1617 cansa,
921 1549 1065 1604 modicum
1092 1549 1206 1604 ridetur

207 1639 315 1711 fucere
338 1637 387 1711 qui
408 1636 487 1691 iurat
507 1653 563 1710 per
587 1636 690 1692 Deum.
729 1636 786 1704 Qui
817 1647 912 1692 uittent
942 1636 1020 1691 itcrat
1039 1654 1096 1711 per
1118 1653 1204 1692 evon-

214 1724 324 1801 gelinm
357 1723 455 1801 tnagis
487 1723 598 1797 aliquid
622 1723 735 1796 secisse
759 1723 883 1779 videtur.
917 1723 1028 1792 Quibus
1052 1723 1204 1779 dicendum

215 1822 257 1867 est
280 1821 306 1868 et
330 1811 373 1866 his
402 1810 513 1866 stultis:
545 1811 699 1884 Scriptnre
722 1822 848 1886 propter
870 1811 965 1866 Deum
998 1812 1107 1887 scripte
1128 1822 1205 1882 sunt,

175 1899 270 1955 iinon
295 1898 375 1953 Dens
403 1910 529 1974 propter
561 1898 734 1972 scripturas.
769 1898 868 1953 Maior
891 1909 933 1954 est
956 1917 1029 1975 ergo
1054 1899 1134 1954 Dens
1157 1900 1207 1974 qui

214 1986 375 2063 sanctificat
398 1985 581 2062 evangelium
606 2003 691 2059 quam
709 1985 892 2062 evangelium
914 1985 992 2059 quod
1006 1985 1206 2062 sanctificatur

215 2074 250 2129 ab
274 2093 316 2133 eo.
342 2074 405 2129 Hec
429 2070 643 2128 Crisostomus.

258 2159 384 2216 Videtur
408 2160 462 2215 hos
485 2171 606 2215 sanctos
630 2161 737 2215 ambos
767 2158 797 2214 in
821 2159 877 2216 ista
901 2157 1056 2216 sentencia
1080 2178 1206 2217 concor·
1244 2166 1302 2209 Both
1318 2165 1392 2209 saints

216 2249 288 2303 dare
320 2248 401 2320 quod
433 2245 590 2320 pontifices
626 2246 758 2320 pharisei
792 2260 820 2302 et
855 2246 1028 2321 quicunque
1060 2248 1096 2303 de
1126 2248 1206 2305 clero
1223 2219 1414 2315 aviliiieillilin

173 2351 204 2384 πο
214 2333 341 2390 ludaico
365 2347 490 2408 propter
514 2336 694 2390 candentem
720 2332 882 2390 avariciam
907 2352 942 2390 ea
966 2350 1025 2409 que
1041 2349 1206 2392 sonuerant
1281 2335 1358 2367 ΜΝ·

215 2421 245 2478 in
269 2435 408 2495 questum
434 2439 538 2478 eorum
565 2420 691 2477 nimium
717 2422 937 2496 ponderabant,
963 2440 997 2478 ea
1022 2435 1123 2478 autem
1148 2441 1206 2496 que

215 2509 335 2565 suerunt
363 2508 511 2565 direccius
535 2522 641 2565 contra
665 2511 774 2580 Deum,
808 2507 960 2564 modicum
984 2510 1204 2583 ponderabant.

217 2597 302 2653 Unde
327 2595 398 2670 quia
423 2597 479 2652 hoc
503 2595 558 2651 fuit
583 2613 745 2652 commune
770 2594 974 2669 pontificibus,
999 2595 1094 2652 tribus
1118 2597 1206 2654 sectis

216 2683 282 2740 aliis
316 2697 344 2740 et
377 2683 543 2757 prophetis,
578 2683 646 2739 ideo
679 2683 812 2740 creditur
844 2685 926 2757 quod
960 2683 1095 2740 Christus
1127 2697 1205 2741 tacet

173 2770 329 2827 25scribas
362 2783 391 2826 et
424 2770 580 2844 phariseos
614 2770 767 2845 ypocritas
800 2770 829 2826 in
864 2770 921 2826 isto
953 2772 997 2827 Ve
1034 2770 1205 2845 specialiter

215 2857 385 2915 nominare.

260 2947 320 3001 Nec
354 2944 478 3001 dubium
513 2944 586 3019 quin
619 2946 715 3001 clerus
748 2957 850 3000 noster
883 2946 1046 3002 hodiernus
1076 2945 1134 3002 isto
1162 2947 1204 3002 Ve
1248 2935 1381 2978 P³¹⁸¹¹⁰¹³¹¹

216 3031 386 3106 specialiter
419 3031 562 3101 irretitur,
596 3045 628 3087 ut
654 3029 884 3105 magnificamus
911 3032 1101 3107 sacrilegium
1126 3046 1204 3089 tam·
1229 2987 1407 3083 mqqqrpndpys.

216 3137 307 3193 quam
333 3132 490 3192 peccatum
516 3118 726 3193 gravissimum
747 3131 776 3174 et
792 3118 1012 3177 introducimus
1029 3119 1203 3195 opinionem
1236 3093 1402 3188 ''lilecsllulllill

173 3206 252 3263 30de
276 3224 307 3263 re
331 3225 427 3278 sacra,
457 3210 537 3281 quod
563 3205 708 3281 quidquid
734 3205 822 3262 fuerit
847 3208 950 3263 datum
968 3209 1015 3264 vel
1031 3208 1204 3265 dedicatum
1260 3206 1378 3254 property.

216 3293 352 3363 ecclesie,
386 3293 459 3350 illud
493 3313 529 3350 eo
562 3293 627 3368 ipso
660 3307 703 3350 est
727 3311 863 3365 sacrum;
895 3308 924 3351 et
948 3296 1065 3352 auferre
1090 3294 1204 3352 illuda

215 3395 322 3438 vocata
347 3380 472 3438 ecclesia
497 3395 540 3438 est
563 3400 700 3438 summus
733 3382 844 3455 gradus
872 3381 1021 3457 sacrilegii
1054 3381 1131 3438 sicut
1161 3382 1205 3438 di-

216 3482 302 3542 cunt3
327 3481 356 3525 et
372 3469 414 3525 sic
431 3471 511 3525 bona
528 3483 653 3543 possunt
670 3487 723 3542 per
741 3467 835 3525 laicos
852 3469 984 3526 conferri
1001 3469 1135 3540 ecclesie,
1152 3472 1204 3526 sed

217 3554 248 3610 in
265 3556 348 3612 nullo
366 3574 437 3612 casu
456 3556 567 3613 auferri
586 3557 623 3612 ab
640 3574 684 3614 ea.
702 3558 739 3612 Et
755 3555 798 3611 sic
816 3557 1008 3613 cumulantur
1025 3556 1205 3631 temporalia

173 3649 204 3700 35
216 3661 311 3717 usque
333 3645 370 3700 ad
387 3643 577 3717 putredinem
597 3657 658 3700 tam
677 3662 781 3699 eorum
800 3661 892 3717 quam
918 3644 1098 3700 clericorum
1114 3662 1204 3700 occu-

216 3729 370 3803 pancium,
395 3730 467 3804 quia
491 3730 588 3787 simile
606 3744 649 3787 est
673 3748 708 3787 ac
732 3730 755 3786 si
774 3730 824 3786 illa
841 3731 1022 3804 temporalia
1039 3729 1150 3787 suerint
1173 3731 1203 3787 in

215 3816 337 3873 tartaris
356 3820 508 3889 desorata,
526 3818 596 3892 quia
615 3823 658 3887 (ut
675 3824 822 3886 asserunt)
836 3816 904 3874 licet
918 3818 1001 3874 laicis
1012 3818 1098 3874 valde
1115 3818 1203 3874 meri·

216 3903 292 3960 toric
328 3906 400 3961 dare
440 3905 498 3961 illis
529 3905 607 3961 bona
640 3918 701 3961 tam
736 3905 861 3962 mobilia
896 3924 986 3979 quam
1022 3905 1201 3962 immobilia.

216 3992 274 4047 Sed
300 4005 461 4065 postquam
486 3992 537 4048 illa
560 3991 672 4048 fuerint
696 4010 749 4066 per
766 3992 852 4048 istam
876 3991 1034 4049 dacionem
1059 3992 1201 4050 stolidam

171 4092 403 4150 40c0nsecrata,
429 4097 489 4136 non
513 4079 583 4135 licet
607 4079 687 4135 clero
712 4080 838 4136 reddere
862 4079 913 4136 illa
938 4081 1017 4136 bona
1041 4094 1203 4155 quantum-

216 4183 335 4241 cunque
370 4167 525 4223 brachium
550 4167 684 4224 seculare
708 4166 822 4240 eguerit
856 4179 883 4223 et
907 4167 951 4223 lex
976 4166 1029 4223 Dei
1055 4167 1201 4236 docuerit,

269 4418 287 4462 3.
304 4419 502 4475 Codazettpsa.
558 4419 622 4462 213:
641 4421 726 4462 dorium
745 4420 837 4474 quidem
856 4421 1027 4474 superaltarc.
1082 4420 1113 4463 18.
1136 4423 1158 4463 Α
1179 4421 1201 4463 in

218 4483 299 4526 margo
314 4471 438 4515 lohannes.
479 4472 695 4515 submonuerat.
750 4472 986 4526 27.Ainmarg.:1.
1043 4470 1201 4522 3.r.B:etita.
