3098 5130
125 467 186 539 258
397 491 400 496 ⁴
580 478 669 527 orus
688 477 940 528 nvsnoaucuu
962 477 1025 527 rin.
1044 477 1085 527 ut.
1148 459 1232 543 [civ.
1248 473 1336 519 txtx.

165 651 280 711 vrorone:
388 639 485 710 Super
501 658 561 713 quo
572 641 767 713 leronymus:
785 639 917 713 Nequam
933 656 1036 694 servus
1051 638 1177 695 terrenis
1193 639 1338 714 operibus

151 702 306 797 ”ffeffled
344 736 371 778 et
394 726 484 780 seculi
508 727 654 800 voluptate
670 726 728 782 Dei
745 737 884 802 precepta
901 726 1032 803 neglexit
1049 738 1075 782 et
1088 726 1205 801 polluit,
1228 745 1336 802 quam-

127 806 429 903 uefflsslfflnffid'squarn
454 812 482 866 in
506 813 564 867 alio
598 814 777 890 evangelista
810 814 948 888 scriptum
980 813 1017 868 sit
1039 813 1117 888 qnod
1148 813 1176 868 iu
1207 814 1337 871 sudario

298 893 302 902 '
345 898 493 975 ligaverit,
532 900 562 954 id
594 911 645 969 est,
684 900 847 957 doctrinam
877 900 1106 975 patrisfamilias
1141 900 1274 956 molliter
1306 913 1338 958 et

345 983 469 1042 delicate
493 987 614 1044 vivendo
638 988 796 1043 enervavit.
823 989 884 1043 ilec
907 990 1096 1060 leronymus,
1350 991 1365 1043 5

134 1084 185 1127 Tne
201 1085 294 1139 parante
310 1084 329 1126 is
388 1071 514 1129 Videtur
538 1073 628 1129 istum
647 1086 785 1130 sanctum
810 1073 920 1131 sentire
937 1075 1018 1148 quod
1042 1076 1148 1130 eadem
1174 1087 1219 1131 est
1241 1093 1338 1148 para·

151 1137 308 1235 ξξζξῇῗοᾞὲξζ
346 1160 415 1216 bola
440 1179 532 1234 quam
550 1160 687 1217 Christus
704 1161 753 1217 hic
771 1160 911 1235 exprimit
928 1160 1054 1218 Matthei
1071 1161 1159 1232 XXV,
1183 1174 1212 1218 et
1236 1180 1335 1236 quam

169 1237 300 1285 strnue?
346 1248 442 1303 Lucas
466 1247 604 1322 exprimit
630 1250 708 1304 Luce
737 1250 811 1304 XIX.
845 1251 906 1304 Nec
927 1262 970 1305 est
994 1246 1209 1305 inconveniens
1246 1251 1335 1323 quod

345 1346 443 1391 stante
477 1338 582 1391 eadem
616 1334 770 1392 sentencia
803 1335 983 1410 interpretes
1012 1335 1042 1392 in
1067 1334 1192 1391 diversis
1220 1334 1337 1409 linguis

344 1422 515 1477 habuerunt
538 1424 629 1478 verba
652 1421 820 1491 dissimilia,
850 1436 882 1478 ut
908 1441 987 1485 mna.
1021 1423 1179 1495 talentum,
1204 1437 1337 1496 possunt
1353 1443 1386 1476 ro

344 1507 423 1564 idem
465 1510 578 1564 donum
610 1508 665 1564 Dei
698 1509 875 1583 exprimere,
910 1524 939 1567 et
972 1508 1142 1583 duplicacio
1169 1509 1277 1566 talenti
1302 1509 1336 1567 in

344 1614 526 1670 quocunque
560 1614 686 1652 numero
720 1596 839 1670 signata
871 1597 960 1653 luerit
992 1596 1195 1671 multiplicare
1219 1597 1337 1670 poterit

344 1684 620 1757 quomodocunque
639 1686 702 1740 Deo
719 1684 868 1757 placuerit
890 1683 969 1740 idem
994 1683 1143 1758 premium
1161 1682 1192 1739 in
1206 1682 1337 1753 effectu3

344 1783 372 1826 et
406 1768 447 1825 ita
479 1788 609 1844 nequam
651 1790 753 1827 servus
786 1785 884 1845 potest
917 1773 1104 1828 abscondere
1127 1771 1275 1827 talentum
1302 1771 1335 1827 in

344 1870 434 1917 terra.
471 1858 543 1911 dum
578 1856 609 1912 in
642 1858 769 1914 terrenis
794 1859 911 1916 actibus
940 1872 984 1915 est
1011 1857 1163 1928 solicitus3
1202 1871 1232 1914 et
1261 1863 1383 1916 mnata

345 1962 434 2017 quam
472 1963 489 1999 a
523 1946 586 1999 Deo
619 1960 779 2019 acceperat
814 1959 857 2002 est
891 1945 1053 2002 mundanis
1086 1943 1336 2002 solicitudinibus

345 2048 404 2104 que
428 2044 498 2086 sunt
522 2031 677 2087 sudarium
696 2031 841 2090 involuta.
866 2036 901 2088 Et
927 2032 1015 2089 istam
1040 2032 1225 2090 sentenciam
1245 2032 1335 2090 time·

346 2132 411 2174 rent
436 2117 571 2192 episcopi
606 2133 633 2174 et
658 2120 765 2192 prelati
790 2120 813 2176 si
837 2140 897 2176 non
923 2120 1033 2176 fuerint
1055 2119 1220 2193 frigiditate
1245 2139 1335 2177 mun-

344 2207 423 2261 dana
447 2205 477 2260 in
502 2204 623 2261 racione
649 2206 716 2262 lidei
742 2204 912 2280 stupefacti.

145 2285 313 2339 Chri-*⁰⁸²⁰m2
388 2291 593 2348 Crisostomus
632 2307 732 2349 autem
772 2313 862 2368 supet·
896 2295 953 2350 isto
993 2308 1071 2351 textu
1105 2294 1148 2351 sic
1180 2293 1385 2369 loquiturzao

132 2337 328 2433 uiclleilysiiiam
346 2380 446 2434 Primo
472 2380 622 2434 videamus
657 2392 687 2435 ut
709 2382 780 2456 quid
803 2401 893 2456 neque
916 2379 967 2438 ille
990 2382 1040 2455 qui
1065 2384 1123 2438 dito
1146 2382 1255 2437 talenta
1280 2383 1334 2437 lia-

140 2441 319 2484 isnotdeacon
344 2466 359 2520 b
387 2467 392 2477 ι
561 2466 579 2494 ·,
789 2488 793 2496 ,
976 2469 981 2479 .
1241 2468 1247 2480 .
1297 2469 1302 2480 .

167 2494 288 2548 „mm
363 2478 402 2521 uit
426 2467 611 2522 abscondisse
644 2468 751 2524 talenta
779 2488 831 2523 sua
852 2480 1040 2544 proponitur,
1072 2488 1136 2525 cunt
1162 2469 1245 2523 multi
1269 2469 1335 2524 dra-

345 2554 411 2609 coni
432 2553 619 2609 inveniantur
642 2555 767 2625 inutiles,
800 2574 890 2630 neque
913 2555 962 2610 ille
985 2556 1035 2630 qui
1065 2557 1177 2632 accepit
1199 2555 1335 2630 quinque,

345 2658 408 2695 cum
434 2641 519 2696 multi
543 2641 678 2696 doctores
702 2642 887 2697 inveniantur
910 2643 1035 2708 inutiles,
1073 2644 1125 2699 sed
1148 2643 1197 2698 ille
1220 2653 1335 2699 tantum

345 2727 394 2801 qui
416 2746 501 2782 tantun
527 2729 645 2802 accepit,
674 2728 705 2782 id
729 2740 780 2799 est,
800 2730 937 2805 populus.
962 2731 1092 2786 Attende.
1128 2730 1210 2786 Deus
1231 2743 1383 2793 secun-25

346 2815 414 2868 dum
434 2814 645 2889 prescicnciam
669 2834 764 2884 sitam,
804 2817 868 2872 licet
891 2817 964 2872 sciat
987 2817 1035 2891 qui
1057 2818 1126 2873 iusti
1142 2816 1246 2891 saturi
1266 2828 1337 2872 sunt

345 2912 372 2955 ct
400 2901 449 2974 qui
476 2901 582 2969 iniusti,
605 2895 609 2978 l
629 2913 725 2957 tamen
759 2894 869 2959 omnes'
890 2913 972 2958 vocat
999 2905 1039 2958 ad
1061 2904 1155 2979 fidem
1196 2904 1269 2958 daus
1292 2905 1336 2961 eis
1365 2898 1434 2968 429⁴

344 2988 497 3065 gracianm
535 2989 657 3043 credens
696 2989 768 3044 enim
799 2990 826 3044 in
855 2990 1002 3045 Christum
1027 2992 1104 3065 qnod
1127 3001 1169 3047 est
1192 2989 1336 3047 talentum

345 3075 458 3148 quidem
484 3075 564 3130 bimis
591 3076 630 3129 ad
657 3075 791 3138 salutem,
825 3078 910 3132 rnalis
942 3088 1036 3132 atatem
1070 3079 1109 3132 ad
1136 3076 1334 3154 preiudicium

347 3172 375 3215 ut
409 3162 619 3216 inaccusabiles
635 3162 723 3239 fiant.
762 3164 901 3219 Diaconis
934 3175 1028 3219 autem
1057 3175 1142 3238 atque
1165 3164 1337 3221 doctoribus
1348 3179 1385 3229 30

160 3259 290 3319 'trntyttu
346 3249 503 3303 secuudum
537 3265 618 3303 suam
640 3250 861 3324 providenciam
870 3271 881 3318 ,·
913 3251 971 3306 illis
996 3252 1112 3307 ridetur
1136 3252 1216 3307 Deus
1238 3250 1335 3307 iniun-

148 3311 319 3406 Ἃξᾞὲῖζὲἓῖῗ
346 3354 420 3411 gere
452 3335 646 3391 ntinisterium
673 3337 843 3392 diaconatus
872 3349 921 3393 aut
946 3339 1174 3417 presbyteratus
1196 3338 1246 3414 qui
1266 3350 1337 3394 sunt

130 3410 423 3511 (ῐθάἀξὲῑςξξῐξξέῃάἰιιεὶἱ,
457 3423 506 3496 qui
528 3434 622 3478 autem
648 3423 754 3492 iniusti,
784 3424 849 3480 illos
873 3425 1008 3480 videntur
1031 3425 1159 3481 ltontines
1182 3425 1337 3482 ordinasse

282 3499 286 3509 '
349 3528 404 3564 uon
428 3509 519 3566 Deus.
546 3511 587 3565 Ab
611 3510 692 3565 exitu
717 3529 790 3586 ergo
815 3511 860 3566 rei
882 3513 1069 3588 cognoscitur
1092 3513 1141 3586 qui
1162 3531 1179 3566 a
1203 3511 1267 3567 Deo
1290 3524 1336 3568 est

347 3597 500 3652 ordinatus
523 3609 550 3653 et
572 3599 671 3673 quial>
688 3598 857 3653 hominibus.
889 3597 948 3674 Qui
962 3600 1037 3653 enini
1055 3600 1124 3654 bene
1138 3599 1335 3656 ministerium
1348 3613 1382 3665 35

346 3702 429 3739 suum
455 3685 711 3759 consummaverit,
744 3697 868 3759 apparet
892 3687 957 3759 qaia
982 3703 1020 3741 cs·
1044 3686 1108 3742 Deo
1122 3686 1230 3760 suerat
1252 3687 1335 3742 ordi·

347 3782 440 3838 natus,
464 3772 514 3846 qui
536 3782 630 3827 autem
654 3771 845 3826 ministerium
870 3791 952 3827 suum
978 3773 1054 3827 male
1077 3773 1335 3846 consummaverit,

348 3877 386 3914 ex
403 3858 567 3914 bominibus
585 3859 738 3914 ordinatus
750 3870 802 3913 est.
824 3859 977 3926 Quomodo
994 3870 1089 3915 autem
1102 3860 1219 3934 quidam
1235 3877 1337 3916 sacer·

347 3947 429 4001 dotes
452 3963 492 4002 ex
515 3947 678 4002 bominibus
695 3945 880 4016 ordinantur,
905 3946 1058 4021 ntaniseste
1081 3947 1109 4001 in
1134 3947 1208 4002 libro
1230 3957 1336 4003 octavo

399 4161 414 4191 ι.
431 4150 452 4191 Α
469 4148 492 4190 in
511 4160 596 4200 niara:
618 4148 756 4199 leronynms·
831 4146 850 4189 5.
867 4146 896 4188 u:
913 4147 1064 4189 craumeravit.
1132 4148 1154 4188 ti.
1169 4147 1189 4190 A
1207 4148 1229 4188 in
1245 4159 1333 4201 niara:

345 4201 465 4243 lohannes
530 4213 558 4242 tc.
574 4202 606 4242 A:
623 4210 772 4253 quccuuauc,·
788 4199 817 4240 ib.
840 4201 872 4241 A:
889 4200 1054 4252 multipliciter.
1124 4211 1158 4240 ρο.
1174 4201 1194 4241 A
1211 4199 1333 4253 inmutat:

348 4254 512 4296 crisostomus.
581 4251 611 4294 25.
628 4250 718 4293 coda:
731 4252 849 4304 poulain,
930 4252 964 4294 iti.
981 4253 1011 4293 n:
1020 4250 1106 4307 faerit.
1193 4249 1226 4293 38.
1241 4252 1277 4294 A:
1293 4264 1333 4294 or-

346 4306 450 4348 dinatnr.
525 4303 613 4357 Atinia.
630 4263 965 4356 A:pitormnliv*ordinantur
978 4304 1050 4346 deust.
1121 4302 1156 4357 [lu.
1172 4305 1205 4345 A:
1220 4303 1244 4345 ia
1258 4303 1330 4346 deest.

402 4430 420 4461 t.
442 4416 546 4460 (limma.
567 4413 591 4460 in
606 4410 695 4459 utana.
715 4426 774 4473 ring.
795 4408 851 4458 rol).
911 4427 951 4459 αι.
971 4413 1022 4475 Op.
1043 4413 1104 4476 imp.
1123 4412 1141 4461 l.
1160 4408 1332 4476 c.pag.9l54.
