3098 5130
580 497 670 545 orus
688 496 940 545 uvauoarrcull
963 496 1025 544 riu.
1045 495 1086 545 111.
1198 476 1285 560 [cae.
1303 489 1334 535 x.

745 721 849 785 CAP.
875 722 923 788 X.

143 857 306 951 (5)εῇϋῇΟῇξῖ
385 867 487 921 Restat
516 883 678 939 parumper
707 865 833 922 ulterius
866 865 1020 922 declarare
1049 867 1205 940 quomodo
1229 866 1332 924 scribe

129 962 255 1014 phariseos,
271 960 325 1002 how
340 965 367 1008 et
391 950 523 1026 pharisei
547 952 643 1008 nostri
668 952 814 1009 claudunt
850 971 974 1026 regnum
1001 952 1134 1009 celorum
1159 952 1226 1009 aliis
1250 973 1333 1028 quos

136 1013 311 1118 ξῖζξζξὶῗξξυξξ
339 1038 482 1096 dicuntur
514 1057 616 1113 regere
652 1052 680 1095 et
704 1038 734 1095 in
759 1039 976 1096 beatitudinem
1014 1039 1218 1109 introducere,
1259 1059 1329 1097 cum

340 1126 533 1184 manifestum
567 1126 604 1183 sit
637 1128 718 1201 quod
752 1126 858 1183 scribis
892 1139 920 1182 et
952 1126 1099 1201 phariseis
1123 1126 1195 1201 legis
1219 1127 1357 1190 veteris5

340 1216 586 1289 correspondent.
611 1212 696 1270 Sicut
721 1213 801 1270 enim
827 1213 868 1270 illi
893 1213 1025 1271 avaricie
1049 1232 1140 1271 causa
1164 1214 1332 1271 noluerunt

339 1301 491 1359 Christum
517 1302 630 1376 populo
655 1302 800 1373 revelare,
825 1320 862 1357 ne
887 1303 1003 1358 lucrum
1029 1320 1133 1358 eorum
1159 1300 1188 1357 in
1213 1301 1329 1359 sacrifi·

340 1389 394 1446 ciis
418 1403 446 1446 et
470 1387 680 1446 oblacionibus
704 1387 903 1460 minueretur,
928 1389 970 1446 sic
995 1388 1133 1446 moderni
1157 1388 1267 1462 prelati
1292 1390 1331 1446 de

340 1476 397 1533 hiis
421 1476 509 1534 sectis
534 1489 665 1550 quatuor
699 1477 807 1533 nolunt
831 1476 926 1549 legem
952 1476 1063 1533 Christi
1093 1476 1206 1551 populo
1230 1475 1331 1551 publi-

341 1582 419 1631 care,
444 1582 482 1621 ne
506 1563 635 1638 populus
657 1562 825 1637 percipiens
843 1563 954 1619 Christi
971 1564 1145 1638 pauperiem
1170 1564 1332 1621 subtrahat
1347 1591 1376 1624 ro

341 1654 378 1708 ab
413 1650 471 1707 illis
495 1664 629 1707 terrenas
662 1649 785 1707 divicias
819 1664 847 1707 et
877 1650 980 1707 mundi
1014 1650 1158 1724 gloriam3
1194 1664 1222 1707 et
1251 1650 1332 1707 sicut

341 1737 414 1795 dicit
439 1737 655 1810 Crisostomus,
689 1757 757 1794 cum
791 1737 942 1811 scriptura
965 1757 1051 1795 sacra
1075 1738 1113 1795 sit
1137 1756 1261 1815 regnum
1286 1756 1332 1793 ce·

341 1827 448 1896 lorum,
471 1824 567 1899 ipsam
591 1825 728 1881 nituntur
752 1825 901 1897 claudere,
926 1844 963 1881 ne
987 1826 1118 1900 populus
1142 1838 1170 1881 et
1191 1837 1332 1899 potentes

341 1911 515 1987 specialiter
538 1912 633 1986 ipsam
660 1911 840 1986 intelligant.

132 2003 209 2064 Three
222 2014 287 2077 ways
301 2004 328 2045 01‘
386 2002 486 2056 Potest
511 2013 609 2055 autem
635 1999 783 2073 scriptura
808 2017 893 2056 sacra
910 2012 938 2055 et
955 1999 1125 2072 specialiter
1141 1999 1332 2073 evangelium
1348 2011 1376 2061 15

127 2055 331 2163 miglciiiiihrhird
342 2085 468 2159 intelligi
493 2086 588 2143 tribus
614 2087 720 2156 modis,
746 2086 844 2160 primo
869 2087 1069 2160 personaliter
1093 2103 1121 2143 et
1138 2085 1333 2143 landabiliter

343 2193 399 2248 pro
424 2173 488 2246 ipsa
514 2173 611 2248 prima
635 2173 759 2231 veritate
783 2192 841 2248 que
866 2186 909 2229 est
927 2172 1076 2229 Dominus
1092 2176 1176 2230 lesus
1192 2174 1332 2231 Christus

344 2260 424 2317 iuxta
449 2260 523 2317 illud
539 2263 605 2317 loh.
630 2263 664 2332 X,
690 2277 744 2337 35:
769 2262 835 2316 Non
848 2272 944 2336 potest
957 2260 1033 2317 solvi
1047 2262 1211 2337 scriptura:
1238 2262 1331 2330 Quem

341 2359 428 2423 pater
460 2347 651 2424 sanctificavit
683 2360 710 2404 et
742 2348 819 2403 irrisit
851 2349 878 2403 iri
912 2349 1060 2406 tumidum.
1101 2348 1242 2404 Secundo
1274 2367 1332 2422 pro

345 2434 416 2509 ipsis
440 2434 616 2491 veritatibus
641 2434 700 2491 sive
730 2435 841 2490 eternis
865 2434 925 2490 sive
954 2434 1014 2491 alio
1039 2436 1130 2491 modo
1154 2434 1332 2491 necessariis
1345 2461 1378 2496 20

345 2521 425 2578 iuxta
453 2520 527 2577 illud
552 2524 632 2578 Luce
660 2523 735 2591 XXl,
771 2522 823 2577 33:
861 2522 960 2577 Celum
994 2534 1020 2577 et
1043 2533 1124 2578 terra
1157 2521 1332 2593 transibunt,

346 2609 433 2664 verba
464 2621 560 2665 etitem
593 2627 657 2664 tneo
681 2628 736 2663 non
764 2609 936 2666 transibunt.
971 2608 1080 2665 Tercio
1113 2622 1213 2666 autem
1239 2611 1333 2666 modo

346 2695 440 2768 magis
481 2694 646 2768 improprie
680 2694 826 2768 accipitur
859 2695 1007 2769 scriptura
1043 2714 1129 2752 sacra
1167 2715 1221 2770 pro
1259 2695 1334 2770 ipsis

347 2781 502 2839 codicibus
535 2801 593 2855 que
626 2795 695 2838 sunt
721 2785 897 2839 membrana
922 2796 950 2838 et
974 2782 1146 2838 incaustum
1172 2801 1240 2839 cum
1265 2782 1335 2839 aliis

346 2868 526 2942 ligamentis.
551 2872 588 2924 Et
612 2868 668 2925 ista
692 2868 841 2942 scriptura
873 2888 958 2926 sacra
991 2869 1128 2925 comburi
1153 2868 1263 2944 poterit
1287 2882 1379 2933 tat-25

347 2974 405 3030 que
437 2955 547 3029 mergi3
580 2956 632 3011 sed
664 2974 725 3012 non
758 2955 856 3030 prima
879 2957 924 3012 rel
949 2958 1090 3026 secunda,
1120 2956 1150 3012 in
1174 2975 1233 3031 qua
1258 2955 1335 3013 fides

347 3041 498 3099 viancium
524 3041 703 3099 terminatur
727 3056 755 3099 et
779 3043 809 3099 in
832 3042 930 3117 patria
959 3043 1040 3099 clara
1064 3043 1138 3099 visio
1162 3045 1335 3100 beatorum.

156 3133 311 3197 chrysostom
392 3132 432 3185 Ex
465 3128 529 3185 istis
562 3142 660 3203 potest
695 3130 790 3186 fidelis
822 3129 962 3203 colligere
1002 3149 1095 3204 quare
1129 3129 1337 3188 Crisostomus

131 3187 335 3291 rhaenitiigiophuhi
348 3217 501 3290 signanter
525 3230 612 3274 vocat
629 3217 809 3291 scripturam
827 3236 943 3274 sacram
962 3234 1085 3293 regnum
1102 3219 1240 3274 celorum.
1266 3220 1337 3292 lpsa

182 3290 284 3334 Heaven.
348 3303 428 3360 enim
454 3317 498 3360 est
520 3303 567 3360 via
590 3305 635 3361 vel
658 3303 790 3360 medium
807 3306 846 3361 ad
862 3303 1078 3361 beatitudinem
1096 3305 1384 3379 adquirendam330

348 3404 378 3448 et
401 3409 469 3447 cum
488 3389 626 3448 homines
642 3391 740 3465 ipsum
758 3390 932 3466 quesierint,
955 3409 1039 3446 suam
1057 3391 1228 3465 potenciam
1240 3391 1338 3450 beati·

350 3479 404 3535 lice
428 3477 611 3535 terminabit.

155 3569 206 3612 The
220 3566 307 3662 scrip&
393 3567 452 3623 Sed
485 3578 576 3622 restat
608 3564 709 3620 videre
741 3564 866 3620 ulterius
899 3565 1053 3638 quomodo
1085 3565 1156 3621 dicti
1184 3563 1282 3622 scribe
1306 3580 1338 3624 et

170 3622 302 3768 tihgciohre:
351 3651 481 3727 pharisei
521 3653 666 3708 claudunt
704 3650 841 3707 fidelibus
880 3650 959 3707 istud
1000 3669 1135 3725 regnum.
1181 3653 1339 3710 Claudunt

136 3740 151 3770 ¹·
166 3725 335 3833 ilariiiinegmng
350 3740 471 3816 quidem
496 3739 595 3815 primo
619 3737 822 3813 impediendo,
846 3755 882 3793 ne
906 3738 1092 3810 evangelium
1114 3738 1251 3795 fidelibus
1268 3757 1387 3814 pre-35

295 3809 300 3830 ’
350 3827 476 3893 dicetur,
500 3840 533 3882 ut
556 3827 642 3883 hodie
665 3826 787 3880 vatillum
811 3824 951 3879 horretur
978 3827 1055 3898 quod
1077 3827 1260 3903 evangelium
1285 3846 1340 3883 arr-

348 3914 493 3993 gelicetur
516 3913 561 3969 rel
586 3914 698 3987 populo
731 3911 911 3986 predicetur,
942 3924 973 3965 ut
998 3925 1079 3983 patet
1103 3914 1139 3969 de
1174 3911 1338 3992 episcopis,

402 4240 417 4271 ι.
433 4228 457 4270 ln
474 4228 525 4270 cod.
547 4227 563 4268 B
584 4226 686 4268 numeris
701 4225 795 4278 capituli
810 4224 882 4266 deest.
899 4224 949 4277 Que
965 4233 1082 4278 secuntur,
1097 4227 1126 4269 ad
1141 4239 1191 4281 cap.
1208 4228 1340 4280 precedens

349 4281 449 4324 adducta
465 4286 525 4321 suut.
582 4278 663 4321 n-m.
679 4279 700 4320 Α
715 4277 738 4318 in
750 4288 834 4329 marg:
856 4276 977 4330 Scriptura*
990 4289 1061 4320 sacro
1075 4283 1110 4320 est
1123 4291 1221 4331 regnum
1232 4280 1339 4326 celorum

349 4331 587 4392 eiaccipiturtrr'bus
601 4330 684 4371 modis.
704 4339 722 4370 1.
795 4340 825 4388 ij.
841 4327 870 4369 tt:
882 4340 929 4382 pro
943 4330 997 4371 islo.
1071 4342 1102 4383 ro.
1121 4332 1141 4372 h
1161 4331 1184 4373 in
1204 4343 1293 4387 marg.=
1316 4346 1339 4379 2.

350 4396 382 4427 22.
402 4387 460 4427 Ain
481 4395 566 4436 marg:
589 4380 853 4444 3.Codd.:transient.
917 4392 952 4431 αι.
975 4383 1008 4424 A:
1026 4382 1145 4424 incastum.
1215 4382 1250 4435 34.
1274 4387 1339 4431 Ain

349 4448 436 4491 marg:
457 4449 476 4479 1.
544 4433 575 4486 35,
592 4434 626 4477 lo.
641 4436 675 4477 A:
687 4432 834 4487 predicatur,
