<?xml version="1.0" encoding="UTF-8"?>
<!DOCTYPE html PUBLIC "-//W3C//DTD XHTML 1.0 Transitional//EN"
    "http://www.w3.org/TR/xhtml1/DTD/xhtml1-transitional.dtd">
<html xmlns="http://www.w3.org/1999/xhtml" xml:lang="en" lang="en">
 <head>
  <title>
</title>
<meta http-equiv="Content-Type" content="text/html;charset=utf-8" />
  <meta name='ocr-system' content='tesseract 3.04.00' />
  <meta name='ocr-capabilities' content='ocr_page ocr_carea ocr_par ocr_line ocrx_word'/>
</head>
<body>
  <div class='ocr_page' id='page_1' title='image "./iohanniswyclifo01wyclgoog_0348.png"; bbox 0 0 3098 5130; ppageno 0'>
   <div class='ocr_carea' id='block_1_1' title="bbox 206 503 909 586">
    <p class='ocr_par' dir='ltr' id='par_1_1' title="bbox 206 503 909 586">
     <span class='ocr_line' id='line_1_1' title="bbox 206 503 909 586; baseline 0.004 -19"><span class='ocrx_word' id='word_1_1' title='bbox 206 515 274 560; x_wconf 73' lang='lat' dir='ltr'><em>ene·</em></span> <span class='ocrx_word' id='word_1_2' title='bbox 289 503 355 586; x_wconf 63' lang='grc' dir='ltr'><em>νη]</em></span> <span class='ocrx_word' id='word_1_3' title='bbox 476 522 520 572; x_wconf 78' lang='lat' dir='ltr'><em>oo</em></span> <span class='ocrx_word' id='word_1_4' title='bbox 541 521 777 572; x_wconf 75' lang='lat' dir='ltr'><em>ANthnRtsTO</em></span> <span class='ocrx_word' id='word_1_5' title='bbox 797 522 861 571; x_wconf 70' lang='grc' dir='ltr'><em>ΗΒ.</em></span> <span class='ocrx_word' id='word_1_6' title='bbox 880 521 909 571; x_wconf 89' lang='lat'><em>11.</em></span> 
     </span>
    </p>
   </div>
   <div class='ocr_carea' id='block_1_2' title="bbox 112 681 1194 3975">
    <p class='ocr_par' dir='ltr' id='par_1_2' title="bbox 112 681 1194 3975">
     <span class='ocr_line' id='line_1_2' title="bbox 207 681 1190 761; baseline -0.001 -24"><span class='ocrx_word' id='word_1_7' title='bbox 207 682 336 738; x_wconf 86' lang='lat' dir='ltr'><em>ueritatis</em></span> <span class='ocrx_word' id='word_1_8' title='bbox 359 683 401 737; x_wconf 87' lang='lat' dir='ltr'><em>ait</em></span> <span class='ocrx_word' id='word_1_9' title='bbox 424 681 516 738; x_wconf 84' lang='lat' dir='ltr'><em>libere</em></span> <span class='ocrx_word' id='word_1_10' title='bbox 539 693 566 737; x_wconf 90' lang='lat' dir='ltr'><em>et</em></span> <span class='ocrx_word' id='word_1_11' title='bbox 589 692 767 738; x_wconf 76' lang='lat' dir='ltr'><em>constanter.</em></span> <span class='ocrx_word' id='word_1_12' title='bbox 796 681 835 737; x_wconf 86' lang='lat' dir='ltr'><em>Et</em></span> <span class='ocrx_word' id='word_1_13' title='bbox 858 682 885 738; x_wconf 91' lang='lat' dir='ltr'><em>si</em></span> <span class='ocrx_word' id='word_1_14' title='bbox 908 683 1027 738; x_wconf 83' lang='lat' dir='ltr'><em>voluero</em></span> <span class='ocrx_word' id='word_1_15' title='bbox 1050 684 1190 761; x_wconf 84' lang='lat' dir='ltr'><em>gloriari,</em></span> 
     </span>
     <span class='ocr_line' id='line_1_3' title="bbox 206 768 1191 844; baseline 0.001 -20"><span class='ocrx_word' id='word_1_16' title='bbox 206 787 261 825; x_wconf 87' lang='lat' dir='ltr'><em>non</em></span> <span class='ocrx_word' id='word_1_17' title='bbox 291 787 342 825; x_wconf 89' lang='lat' dir='ltr'><em>ero</em></span> <span class='ocrx_word' id='word_1_18' title='bbox 370 769 521 844; x_wconf 87' lang='lat' dir='ltr'><em>insipiens;</em></span> <span class='ocrx_word' id='word_1_19' title='bbox 552 768 702 824; x_wconf 89' lang='lat' dir='ltr'><em>ueritatem</em></span> <span class='ocrx_word' id='word_1_20' title='bbox 728 769 803 824; x_wconf 89' lang='lat' dir='ltr'><em>enim</em></span> <span class='ocrx_word' id='word_1_21' title='bbox 828 769 900 825; x_wconf 93' lang='lat' dir='ltr'><em>dico.</em></span> <span class='ocrx_word' id='word_1_22' title='bbox 942 770 1041 843; x_wconf 81' lang='lat' dir='ltr'><strong><em>Neque</em></strong></span> <span class='ocrx_word' id='word_1_23' title='bbox 1064 771 1138 825; x_wconf 90' lang='lat' dir='ltr'><em>enim</em></span> <span class='ocrx_word' id='word_1_24' title='bbox 1163 771 1191 825; x_wconf 89' lang='lat' dir='ltr'><em>in</em></span> 
     </span>
     <span class='ocr_line' id='line_1_4' title="bbox 206 856 1190 932; baseline 0 -21"><span class='ocrx_word' id='word_1_25' title='bbox 206 874 236 912; x_wconf 90' lang='lat' dir='ltr'><em>se</em></span> <span class='ocrx_word' id='word_1_26' title='bbox 259 856 320 931; x_wconf 93' lang='lat' dir='ltr'><em>ipso</em></span> <span class='ocrx_word' id='word_1_27' title='bbox 343 856 395 913; x_wconf 86' lang='lat' dir='ltr'><em>sed</em></span> <span class='ocrx_word' id='word_1_28' title='bbox 418 857 446 911; x_wconf 92' lang='lat' dir='ltr'><em>in</em></span> <span class='ocrx_word' id='word_1_29' title='bbox 470 856 532 931; x_wconf 91' lang='lat' dir='ltr'><em>ipsa</em></span> <span class='ocrx_word' id='word_1_30' title='bbox 559 856 680 911; x_wconf 85' lang='lat' dir='ltr'><em>ueritate</em></span> <span class='ocrx_word' id='word_1_31' title='bbox 703 873 757 930; x_wconf 83' lang='lat' dir='ltr'><em>que</em></span> <span class='ocrx_word' id='word_1_32' title='bbox 778 856 914 931; x_wconf 84' lang='lat' dir='ltr'><em>superior</em></span> <span class='ocrx_word' id='word_1_33' title='bbox 937 867 979 913; x_wconf 87' lang='lat' dir='ltr'><em>est</em></span> <span class='ocrx_word' id='word_1_34' title='bbox 1002 857 1065 932; x_wconf 92' lang='lat' dir='ltr'><em>ipso</em></span> <span class='ocrx_word' id='word_1_35' title='bbox 1088 869 1114 913; x_wconf 94' lang='lat' dir='ltr'><em>et</em></span> <span class='ocrx_word' id='word_1_36' title='bbox 1139 858 1190 912; x_wconf 82' lang='lat' dir='ltr'><em>lui-</em></span> 
     </span>
     <span class='ocr_line' id='line_1_5' title="bbox 207 942 1191 1020; baseline 0.002 -22"><span class='ocrx_word' id='word_1_37' title='bbox 207 942 315 999; x_wconf 89' lang='lat' dir='ltr'><em>militer</em></span> <span class='ocrx_word' id='word_1_38' title='bbox 338 954 364 998; x_wconf 92' lang='lat' dir='ltr'><em>et</em></span> <span class='ocrx_word' id='word_1_39' title='bbox 390 943 533 1000; x_wconf 86' lang='lat' dir='ltr'><em>ueraciter</em></span> <span class='ocrx_word' id='word_1_40' title='bbox 556 943 752 1020; x_wconf 83' lang='lat' dir='ltr'><em>gloriaretur,</em></span> <span class='ocrx_word' id='word_1_41' title='bbox 776 943 911 1018; x_wconf 84' lang='lat' dir='ltr'><em>quoniam</em></span> <span class='ocrx_word' id='word_1_42' title='bbox 936 953 963 998; x_wconf 92' lang='lat' dir='ltr'><em>et</em></span> <span class='ocrx_word' id='word_1_43' title='bbox 986 943 1047 1019; x_wconf 92' lang='lat' dir='ltr'><em>ipse</em></span> <span class='ocrx_word' id='word_1_44' title='bbox 1066 943 1191 1020; x_wconf 79' lang='lat' dir='ltr'><em>precipit</em></span> 
     </span>
     <span class='ocr_line' id='line_1_6' title="bbox 183 1030 1192 1107; baseline 0 -20"><span class='ocrx_word' id='word_1_45' title='bbox 183 1039 236 1088; x_wconf 68' lang='lat' dir='ltr'><em>§ut</em></span> <span class='ocrx_word' id='word_1_46' title='bbox 259 1030 309 1107; x_wconf 87' lang='lat' dir='ltr'><em>qui</em></span> <span class='ocrx_word' id='word_1_47' title='bbox 330 1030 483 1106; x_wconf 86' lang='lat' dir='ltr'><em>gloriatur</em></span> <span class='ocrx_word' id='word_1_48' title='bbox 506 1030 533 1084; x_wconf 92' lang='lat' dir='ltr'><em>in</em></span> <span class='ocrx_word' id='word_1_49' title='bbox 558 1030 685 1086; x_wconf 89' lang='lat' dir='ltr'><em>Domino</em></span> <span class='ocrx_word' id='word_1_50' title='bbox 708 1030 866 1107; x_wconf 83' lang='lat' dir='ltr'><em>glorietur.</em></span> <span class='ocrx_word' id='word_1_51' title='bbox 897 1031 976 1085; x_wconf 91' lang='lat' dir='ltr'><em>Itane</em></span> <span class='ocrx_word' id='word_1_52' title='bbox 999 1050 1054 1086; x_wconf 89' lang='lat' dir='ltr'><em>non</em></span> <span class='ocrx_word' id='word_1_53' title='bbox 1078 1032 1192 1087; x_wconf 90' lang='lat' dir='ltr'><em>timeret</em></span> 
     </span>
     <span class='ocr_line' id='line_1_7' title="bbox 207 1117 1192 1194; baseline 0.001 -22"><span class='ocrx_word' id='word_1_54' title='bbox 207 1117 415 1193; x_wconf 68' lang='lat' dir='ltr'><em>insipiendam,</em></span> <span class='ocrx_word' id='word_1_55' title='bbox 449 1117 477 1172; x_wconf 90' lang='lat' dir='ltr'><em>si</em></span> <span class='ocrx_word' id='word_1_56' title='bbox 497 1117 628 1194; x_wconf 88' lang='lat' dir='ltr'><em>gloriari</em></span> <span class='ocrx_word' id='word_1_57' title='bbox 659 1118 746 1173; x_wconf 86' lang='lat' dir='ltr'><em>uellet</em></span> <span class='ocrx_word' id='word_1_58' title='bbox 777 1129 893 1173; x_wconf 91' lang='lat' dir='ltr'><em>amator</em></span> <span class='ocrx_word' id='word_1_59' title='bbox 921 1117 1073 1193; x_wconf 75' lang='lat' dir='ltr'><em>sapiencie,</em></span> <span class='ocrx_word' id='word_1_60' title='bbox 1114 1118 1192 1173; x_wconf 91' lang='lat' dir='ltr'><em>etin</em></span> 
     </span>
     <span class='ocr_line' id='line_1_8' title="bbox 205 1204 1192 1280; baseline 0.001 -21"><span class='ocrx_word' id='word_1_61' title='bbox 205 1205 305 1280; x_wconf 85' lang='lat' dir='ltr'><em>gloria</em></span> <span class='ocrx_word' id='word_1_62' title='bbox 328 1223 381 1260; x_wconf 92' lang='lat' dir='ltr'><em>sua</em></span> <span class='ocrx_word' id='word_1_63' title='bbox 398 1204 514 1260; x_wconf 88' lang='lat' dir='ltr'><em>timeret</em></span> <span class='ocrx_word' id='word_1_64' title='bbox 531 1204 727 1280; x_wconf 75' lang='lat' dir='ltr'><em>insipientiam</em></span> <span class='ocrx_word' id='word_1_65' title='bbox 747 1204 810 1280; x_wconf 86' lang='lat' dir='ltr'><em>ipsa</em></span> <span class='ocrx_word' id='word_1_66' title='bbox 827 1205 981 1280; x_wconf 88' lang='lat' dir='ltr'><em>sapiencia.</em></span> <span class='ocrx_word' id='word_1_67' title='bbox 1007 1205 1073 1261; x_wconf 90' lang='lat' dir='ltr'><em>Non</em></span> <span class='ocrx_word' id='word_1_68' title='bbox 1097 1205 1192 1261; x_wconf 84' lang='lat' dir='ltr'><em>timuit</em></span> 
     </span>
     <span class='ocr_line' id='line_1_9' title="bbox 112 1286 1191 1370; baseline 0.001 -24"><span class='ocrx_word' id='word_1_69' title='bbox 112 1303 177 1364; x_wconf 73' lang='lat'>434⁶</span> <span class='ocrx_word' id='word_1_70' title='bbox 206 1291 415 1369; x_wconf 81' lang='lat' dir='ltr'><em>arroganciam</em></span> <span class='ocrx_word' id='word_1_71' title='bbox 432 1291 482 1366; x_wconf 88' lang='lat' dir='ltr'><em>qui</em></span> <span class='ocrx_word' id='word_1_72' title='bbox 497 1291 588 1346; x_wconf 84' lang='lat' dir='ltr'><em>dixit:</em></span> <span class='ocrx_word' id='word_1_73' title='bbox 613 1292 643 1347; x_wconf 93' lang='lat' dir='ltr'><em>In</em></span> <span class='ocrx_word' id='word_1_74' title='bbox 661 1293 776 1347; x_wconf 90' lang='lat' dir='ltr'><em>domino</em></span> <span class='ocrx_word' id='word_1_75' title='bbox 798 1286 801 1370; x_wconf 77' lang='grc' dir='ltr'>Ι</span> <span class='ocrx_word' id='word_1_76' title='bbox 823 1291 991 1347; x_wconf 85' lang='lat' dir='ltr'><em>laudabitur</em></span> <span class='ocrx_word' id='word_1_77' title='bbox 1007 1292 1104 1347; x_wconf 88' lang='lat' dir='ltr'><em>anima</em></span> <span class='ocrx_word' id='word_1_78' title='bbox 1129 1310 1191 1347; x_wconf 93' lang='lat' dir='ltr'><em>mea</em></span> 
     </span>
     <span class='ocr_line' id='line_1_10' title="bbox 206 1378 1191 1455; baseline 0 -21"><span class='ocrx_word' id='word_1_79' title='bbox 206 1390 233 1434; x_wconf 89' lang='lat' dir='ltr'><em>et</em></span> <span class='ocrx_word' id='word_1_80' title='bbox 255 1378 283 1433; x_wconf 90' lang='lat' dir='ltr'><em>iu</em></span> <span class='ocrx_word' id='word_1_81' title='bbox 307 1378 394 1435; x_wconf 91' lang='lat' dir='ltr'><em>laude</em></span> <span class='ocrx_word' id='word_1_82' title='bbox 415 1397 468 1434; x_wconf 91' lang='lat' dir='ltr'><em>sua</em></span> <span class='ocrx_word' id='word_1_83' title='bbox 492 1378 608 1434; x_wconf 87' lang='lat' dir='ltr'><em>timeret</em></span> <span class='ocrx_word' id='word_1_84' title='bbox 631 1379 843 1455; x_wconf 77' lang='lat' dir='ltr'><em>arroganciam</em></span> <span class='ocrx_word' id='word_1_85' title='bbox 865 1390 997 1455; x_wconf 88' lang='lat' dir='ltr'><em>potestas</em></span> <span class='ocrx_word' id='word_1_86' title='bbox 1021 1379 1142 1435; x_wconf 89' lang='lat' dir='ltr'><em>Domini</em></span> <span class='ocrx_word' id='word_1_87' title='bbox 1164 1380 1191 1434; x_wconf 92' lang='lat' dir='ltr'><em>in</em></span> 
     </span>
     <span class='ocr_line' id='line_1_11' title="bbox 168 1465 1191 1541; baseline -0.002 -18"><span class='ocrx_word' id='word_1_88' title='bbox 168 1484 260 1541; x_wconf 82' lang='lat' dir='ltr'><em>ioque</em></span> <span class='ocrx_word' id='word_1_89' title='bbox 284 1466 426 1521; x_wconf 89' lang='lat' dir='ltr'><em>laudatur</em></span> <span class='ocrx_word' id='word_1_90' title='bbox 453 1465 549 1520; x_wconf 90' lang='lat' dir='ltr'><em>anima</em></span> <span class='ocrx_word' id='word_1_91' title='bbox 572 1465 674 1520; x_wconf 83' lang='lat' dir='ltr'><em>serui?</em></span> <span class='ocrx_word' id='word_1_92' title='bbox 709 1466 774 1537; x_wconf 86' lang='lat' dir='ltr'><em>Vos,</em></span> <span class='ocrx_word' id='word_1_93' title='bbox 804 1465 904 1540; x_wconf 82' lang='lat' dir='ltr'><em>inquit,</em></span> <span class='ocrx_word' id='word_1_94' title='bbox 929 1466 1039 1522; x_wconf 89' lang='lat' dir='ltr'><em>uocatis</em></span> <span class='ocrx_word' id='word_1_95' title='bbox 1062 1484 1107 1522; x_wconf 91' lang='lat' dir='ltr'><em>me</em></span> <span class='ocrx_word' id='word_1_96' title='bbox 1130 1485 1191 1521; x_wconf 93' lang='lat' dir='ltr'><em>ma·</em></span> 
     </span>
     <span class='ocr_line' id='line_1_12' title="bbox 205 1551 1193 1630; baseline 0.002 -24"><span class='ocrx_word' id='word_1_97' title='bbox 205 1553 299 1630; x_wconf 88' lang='lat' dir='ltr'><em>gister</em></span> <span class='ocrx_word' id='word_1_98' title='bbox 321 1564 349 1607; x_wconf 91' lang='lat' dir='ltr'><em>et</em></span> <span class='ocrx_word' id='word_1_99' title='bbox 371 1553 506 1623; x_wconf 88' lang='lat' dir='ltr'><em>Domine,</em></span> <span class='ocrx_word' id='word_1_100' title='bbox 532 1563 558 1608; x_wconf 91' lang='lat' dir='ltr'><em>et</em></span> <span class='ocrx_word' id='word_1_101' title='bbox 581 1553 651 1609; x_wconf 83' lang='lat' dir='ltr'><em>bene</em></span> <span class='ocrx_word' id='word_1_102' title='bbox 674 1551 785 1609; x_wconf 90' lang='lat' dir='ltr'><em>dicitis:</em></span> <span class='ocrx_word' id='word_1_103' title='bbox 807 1571 870 1608; x_wconf 89' lang='lat' dir='ltr'><em>sum</em></span> <span class='ocrx_word' id='word_1_104' title='bbox 895 1552 1008 1608; x_wconf 86' lang='lat' dir='ltr'><em>etenim.</em></span> <span class='ocrx_word' id='word_1_105' title='bbox 1034 1553 1101 1609; x_wconf 92' lang='lat' dir='ltr'><em>Ideo</em></span> <span class='ocrx_word' id='word_1_106' title='bbox 1124 1554 1193 1609; x_wconf 85' lang='lat' dir='ltr'><em>bene</em></span> 
     </span>
     <span class='ocr_line' id='line_1_13' title="bbox 206 1639 1193 1714; baseline 0.003 -20"><span class='ocrx_word' id='word_1_107' title='bbox 206 1639 300 1695; x_wconf 90' lang='lat' dir='ltr'><em>dicitis</em></span> <span class='ocrx_word' id='word_1_108' title='bbox 327 1639 393 1714; x_wconf 84' lang='lat' dir='ltr'><em>quia</em></span> <span class='ocrx_word' id='word_1_109' title='bbox 421 1657 495 1706; x_wconf 87' lang='lat' dir='ltr'><em>sum,</em></span> <span class='ocrx_word' id='word_1_110' title='bbox 528 1658 594 1694; x_wconf 90' lang='lat' dir='ltr'><em>nam</em></span> <span class='ocrx_word' id='word_1_111' title='bbox 618 1639 644 1694; x_wconf 90' lang='lat' dir='ltr'><em>si</em></span> <span class='ocrx_word' id='word_1_112' title='bbox 671 1658 726 1696; x_wconf 89' lang='lat' dir='ltr'><em>non</em></span> <span class='ocrx_word' id='word_1_113' title='bbox 759 1657 848 1695; x_wconf 90' lang='lat' dir='ltr'><em>essem</em></span> <span class='ocrx_word' id='word_1_114' title='bbox 873 1641 950 1714; x_wconf 85' lang='lat' dir='ltr'><em>qnod</em></span> <span class='ocrx_word' id='word_1_115' title='bbox 981 1639 1084 1706; x_wconf 86' lang='lat' dir='ltr'><em>dicitis,</em></span> <span class='ocrx_word' id='word_1_116' title='bbox 1117 1641 1193 1697; x_wconf 91' lang='lat' dir='ltr'><em>male</em></span> 
     </span>
     <span class='ocr_line' id='line_1_14' title="bbox 206 1723 1193 1805; baseline 0.002 -25"><span class='ocrx_word' id='word_1_117' title='bbox 206 1726 350 1798; x_wconf 88' lang='lat' dir='ltr'><em>diceretis,</em></span> <span class='ocrx_word' id='word_1_118' title='bbox 374 1726 493 1782; x_wconf 88' lang='lat' dir='ltr'><em>eciamsi</em></span> <span class='ocrx_word' id='word_1_119' title='bbox 514 1744 560 1782; x_wconf 92' lang='lat' dir='ltr'><em>me</em></span> <span class='ocrx_word' id='word_1_120' title='bbox 588 1723 758 1783; x_wconf 73' lang='lat' dir='ltr'><em>laudaretis.</em></span> <span class='ocrx_word' id='word_1_121' title='bbox 792 1727 944 1793; x_wconf 82' lang='lat' dir='ltr'><em>Quomodo</em></span> <span class='ocrx_word' id='word_1_122' title='bbox 972 1744 1046 1804; x_wconf 87' lang='lat' dir='ltr'><em>ergo</em></span> <span class='ocrx_word' id='word_1_123' title='bbox 1070 1738 1193 1805; x_wconf 82' lang='lat' dir='ltr'><em>negaret</em></span> 
     </span>
     <span class='ocr_line' id='line_1_15' title="bbox 207 1813 1194 1888; baseline 0 -20"><span class='ocrx_word' id='word_1_124' title='bbox 207 1813 315 1870; x_wconf 85' lang='lat' dir='ltr'><em>ueritas</em></span> <span class='ocrx_word' id='word_1_125' title='bbox 347 1814 424 1887; x_wconf 83' lang='lat' dir='ltr'><em>qnod</em></span> <span class='ocrx_word' id='word_1_126' title='bbox 457 1813 555 1869; x_wconf 89' lang='lat' dir='ltr'><em>dicunt</em></span> <span class='ocrx_word' id='word_1_127' title='bbox 584 1813 720 1888; x_wconf 88' lang='lat' dir='ltr'><em>discipuli</em></span> <span class='ocrx_word' id='word_1_128' title='bbox 752 1813 907 1870; x_wconf 80' lang='lat' dir='ltr'><em>ueritatis?</em></span> <span class='ocrx_word' id='word_1_129' title='bbox 944 1815 1088 1887; x_wconf 82' lang='lat' dir='ltr'><em>quomodo</em></span> <span class='ocrx_word' id='word_1_130' title='bbox 1116 1814 1194 1888; x_wconf 88' lang='lat' dir='ltr'><em>quod</em></span> 
     </span>
     <span class='ocr_line' id='line_1_16' title="bbox 168 1900 1192 1977; baseline 0.002 -23"><span class='ocrx_word' id='word_1_131' title='bbox 168 1900 304 1962; x_wconf 77' lang='lat' dir='ltr'><em>15dicunt</em></span> <span class='ocrx_word' id='word_1_132' title='bbox 320 1900 369 1974; x_wconf 89' lang='lat' dir='ltr'><em>qui</em></span> <span class='ocrx_word' id='word_1_133' title='bbox 388 1900 552 1956; x_wconf 90' lang='lat' dir='ltr'><em>didicerunt</em></span> <span class='ocrx_word' id='word_1_134' title='bbox 573 1911 697 1977; x_wconf 79' lang='lat' dir='ltr'><em>negaret</em></span> <span class='ocrx_word' id='word_1_135' title='bbox 718 1900 791 1976; x_wconf 86' lang='lat' dir='ltr'><em>ipsa,</em></span> <span class='ocrx_word' id='word_1_136' title='bbox 821 1901 896 1957; x_wconf 92' lang='lat' dir='ltr'><em>unde</em></span> <span class='ocrx_word' id='word_1_137' title='bbox 912 1900 1100 1957; x_wconf 81' lang='lat' dir='ltr'><em>didicerunt?</em></span> <span class='ocrx_word' id='word_1_138' title='bbox 1122 1919 1192 1975; x_wconf 88' lang='lat' dir='ltr'><em>quo-</em></span> 
     </span>
     <span class='ocr_line' id='line_1_17' title="bbox 207 1987 1193 2064; baseline 0.001 -22"><span class='ocrx_word' id='word_1_139' title='bbox 207 1987 292 2043; x_wconf 94' lang='lat' dir='ltr'><em>modo</em></span> <span class='ocrx_word' id='word_1_140' title='bbox 317 1988 392 2061; x_wconf 88' lang='lat' dir='ltr'><em>fons</em></span> <span class='ocrx_word' id='word_1_141' title='bbox 424 1998 512 2064; x_wconf 87' lang='lat' dir='ltr'><em>negat</em></span> <span class='ocrx_word' id='word_1_142' title='bbox 544 1988 622 2061; x_wconf 87' lang='lat' dir='ltr'><em>quod</em></span> <span class='ocrx_word' id='word_1_143' title='bbox 653 1987 750 2043; x_wconf 84' lang='lat' dir='ltr'><em>bibens</em></span> <span class='ocrx_word' id='word_1_144' title='bbox 768 1988 928 2062; x_wconf 85' lang='lat' dir='ltr'><em>predicat?</em></span> <span class='ocrx_word' id='word_1_145' title='bbox 966 1989 1109 2063; x_wconf 88' lang='lat' dir='ltr'><em>quomodo</em></span> <span class='ocrx_word' id='word_1_146' title='bbox 1139 1987 1193 2061; x_wconf 62' lang='lat' dir='ltr'><em>lus&lt;</em></span> 
     </span>
     <span class='ocr_line' id='line_1_18' title="bbox 206 2074 706 2150; baseline -0.002 -20"><span class='ocrx_word' id='word_1_147' title='bbox 206 2074 332 2131; x_wconf 90' lang='lat' dir='ltr'><em>occultat</em></span> <span class='ocrx_word' id='word_1_148' title='bbox 354 2075 431 2150; x_wconf 80' lang='lat' dir='ltr'><em>quod</em></span> <span class='ocrx_word' id='word_1_149' title='bbox 454 2074 554 2130; x_wconf 85' lang='lat' dir='ltr'><em>uidens</em></span> <span class='ocrx_word' id='word_1_150' title='bbox 577 2074 706 2129; x_wconf 81' lang='lat' dir='ltr'><em>indicat?</em></span> 
     </span>
     <span class='ocr_line' id='line_1_19' title="bbox 249 2160 1192 2239; baseline 0 -23"><span class='ocrx_word' id='word_1_151' title='bbox 249 2161 283 2216; x_wconf 87' lang='lat' dir='ltr'><em>Si</em></span> <span class='ocrx_word' id='word_1_152' title='bbox 304 2179 389 2238; x_wconf 89' lang='lat' dir='ltr'><em>ergo,</em></span> <span class='ocrx_word' id='word_1_153' title='bbox 427 2161 526 2236; x_wconf 87' lang='lat' dir='ltr'><em>inquit,</em></span> <span class='ocrx_word' id='word_1_154' title='bbox 563 2179 618 2239; x_wconf 88' lang='lat' dir='ltr'><em>ego</em></span> <span class='ocrx_word' id='word_1_155' title='bbox 643 2161 704 2215; x_wconf 84' lang='lat' dir='ltr'><em>lavi</em></span> <span class='ocrx_word' id='word_1_156' title='bbox 731 2162 822 2236; x_wconf 88' lang='lat' dir='ltr'><em>pedes</em></span> <span class='ocrx_word' id='word_1_157' title='bbox 854 2172 968 2217; x_wconf 85' lang='lat' dir='ltr'><em>uestros</em></span> <span class='ocrx_word' id='word_1_158' title='bbox 1003 2160 1137 2217; x_wconf 90' lang='lat' dir='ltr'><em>dominus</em></span> <span class='ocrx_word' id='word_1_159' title='bbox 1165 2172 1192 2218; x_wconf 89' lang='lat' dir='ltr'><em>et</em></span> 
     </span>
     <span class='ocr_line' id='line_1_20' title="bbox 207 2247 1190 2325; baseline 0.002 -23"><span class='ocrx_word' id='word_1_160' title='bbox 207 2248 359 2325; x_wconf 85' lang='lat' dir='ltr'><em>magister,</em></span> <span class='ocrx_word' id='word_1_161' title='bbox 399 2249 507 2304; x_wconf 88' lang='lat' dir='ltr'><em>debetis</em></span> <span class='ocrx_word' id='word_1_162' title='bbox 540 2258 567 2304; x_wconf 89' lang='lat' dir='ltr'><em>et</em></span> <span class='ocrx_word' id='word_1_163' title='bbox 600 2266 650 2303; x_wconf 88' lang='lat' dir='ltr'><em>uos</em></span> <span class='ocrx_word' id='word_1_164' title='bbox 687 2247 764 2302; x_wconf 89' lang='lat' dir='ltr'><em>alter</em></span> <span class='ocrx_word' id='word_1_165' title='bbox 800 2248 922 2303; x_wconf 89' lang='lat' dir='ltr'><em>alterius</em></span> <span class='ocrx_word' id='word_1_166' title='bbox 959 2247 1062 2304; x_wconf 83' lang='lat' dir='ltr'><em>lauare</em></span> <span class='ocrx_word' id='word_1_167' title='bbox 1090 2249 1190 2323; x_wconf 89' lang='lat' dir='ltr'><em>pedes.</em></span> 
     </span>
     <span class='ocr_line' id='line_1_21' title="bbox 165 2333 1191 2412; baseline 0.001 -23"><span class='ocrx_word' id='word_1_168' title='bbox 165 2363 196 2397; x_wconf 81' lang='lat'><em>20</em></span> <span class='ocrx_word' id='word_1_169' title='bbox 207 2333 385 2410; x_wconf 85' lang='lat' dir='ltr'><em>Exemplum</em></span> <span class='ocrx_word' id='word_1_170' title='bbox 410 2335 479 2390; x_wconf 91' lang='lat' dir='ltr'><em>dedi</em></span> <span class='ocrx_word' id='word_1_171' title='bbox 502 2335 590 2405; x_wconf 83' lang='lat' dir='ltr'><em>uobis,</em></span> <span class='ocrx_word' id='word_1_172' title='bbox 624 2346 655 2390; x_wconf 89' lang='lat' dir='ltr'><em>ut</em></span> <span class='ocrx_word' id='word_1_173' title='bbox 678 2336 921 2407; x_wconf 84' lang='lat' dir='ltr'><em>quemadmodum</em></span> <span class='ocrx_word' id='word_1_174' title='bbox 951 2353 1006 2412; x_wconf 90' lang='lat' dir='ltr'><em>ego</em></span> <span class='ocrx_word' id='word_1_175' title='bbox 1021 2335 1089 2410; x_wconf 77' lang='lat' dir='ltr'><em>jeci</em></span> <span class='ocrx_word' id='word_1_176' title='bbox 1111 2335 1191 2391; x_wconf 84' lang='lat' dir='ltr'><em>uobis</em></span> 
     </span>
     <span class='ocr_line' id='line_1_22' title="bbox 206 2421 1189 2497; baseline 0.003 -22"><span class='ocrx_word' id='word_1_177' title='bbox 206 2421 245 2476; x_wconf 90' lang='lat' dir='ltr'><em>ita</em></span> <span class='ocrx_word' id='word_1_178' title='bbox 269 2432 296 2477; x_wconf 91' lang='lat' dir='ltr'><em>et</em></span> <span class='ocrx_word' id='word_1_179' title='bbox 320 2440 371 2478; x_wconf 88' lang='lat' dir='ltr'><em>uos</em></span> <span class='ocrx_word' id='word_1_180' title='bbox 386 2422 519 2497; x_wconf 84' lang='lat' dir='ltr'><em>faciatis.</em></span> <span class='ocrx_word' id='word_1_181' title='bbox 552 2421 619 2478; x_wconf 91' lang='lat' dir='ltr'><em>Hoc</em></span> <span class='ocrx_word' id='word_1_182' title='bbox 651 2433 693 2477; x_wconf 92' lang='lat' dir='ltr'><em>est</em></span> <span class='ocrx_word' id='word_1_183' title='bbox 715 2422 797 2478; x_wconf 88' lang='lat' dir='ltr'><em>beate</em></span> <span class='ocrx_word' id='word_1_184' title='bbox 821 2423 907 2478; x_wconf 87' lang='lat' dir='ltr'><em>Petre</em></span> <span class='ocrx_word' id='word_1_185' title='bbox 935 2422 1012 2496; x_wconf 83' lang='lat' dir='ltr'><em>quod</em></span> <span class='ocrx_word' id='word_1_186' title='bbox 1035 2422 1189 2490; x_wconf 79' lang='lat' dir='ltr'><em>nesciebaS,</em></span> 
     </span>
     <span class='ocr_line' id='line_1_23' title="bbox 207 2508 1190 2585; baseline 0.002 -23"><span class='ocrx_word' id='word_1_187' title='bbox 207 2509 321 2582; x_wconf 88' lang='lat' dir='ltr'><em>quando</em></span> <span class='ocrx_word' id='word_1_188' title='bbox 337 2508 411 2585; x_wconf 82' lang='lat' dir='ltr'><em>fieri</em></span> <span class='ocrx_word' id='word_1_189' title='bbox 433 2528 489 2565; x_wconf 90' lang='lat' dir='ltr'><em>non</em></span> <span class='ocrx_word' id='word_1_190' title='bbox 511 2509 634 2564; x_wconf 84' lang='lat' dir='ltr'><em>sinebas.</em></span> <span class='ocrx_word' id='word_1_191' title='bbox 666 2509 730 2564; x_wconf 89' lang='lat' dir='ltr'><em>Hoc</em></span> <span class='ocrx_word' id='word_1_192' title='bbox 753 2509 804 2564; x_wconf 88' lang='lat' dir='ltr'><em>tibi</em></span> <span class='ocrx_word' id='word_1_193' title='bbox 823 2519 926 2584; x_wconf 89' lang='lat' dir='ltr'><em>postea</em></span> <span class='ocrx_word' id='word_1_194' title='bbox 950 2509 1097 2565; x_wconf 90' lang='lat' dir='ltr'><em>sciendum</em></span> <span class='ocrx_word' id='word_1_195' title='bbox 1118 2527 1190 2584; x_wconf 89' lang='lat' dir='ltr'><em>pro·</em></span> 
     </span>
     <span class='ocr_line' id='line_1_24' title="bbox 207 2595 1191 2673; baseline 0.002 -23"><span class='ocrx_word' id='word_1_196' title='bbox 207 2595 295 2664; x_wconf 87' lang='lat' dir='ltr'><em>misit,</em></span> <span class='ocrx_word' id='word_1_197' title='bbox 317 2596 432 2670; x_wconf 88' lang='lat' dir='ltr'><em>quando</em></span> <span class='ocrx_word' id='word_1_198' title='bbox 450 2607 480 2651; x_wconf 89' lang='lat' dir='ltr'><em>ut</em></span> <span class='ocrx_word' id='word_1_199' title='bbox 499 2596 611 2652; x_wconf 86' lang='lat' dir='ltr'><em>sineres</em></span> <span class='ocrx_word' id='word_1_200' title='bbox 633 2596 738 2650; x_wconf 87' lang='lat' dir='ltr'><em>terruit</em></span> <span class='ocrx_word' id='word_1_201' title='bbox 755 2596 899 2673; x_wconf 84' lang='lat' dir='ltr'><em>ntagister</em></span> <span class='ocrx_word' id='word_1_202' title='bbox 920 2607 985 2652; x_wconf 88' lang='lat' dir='ltr'><em>tuus</em></span> <span class='ocrx_word' id='word_1_203' title='bbox 1008 2606 1034 2651; x_wconf 87' lang='lat' dir='ltr'><em>et</em></span> <span class='ocrx_word' id='word_1_204' title='bbox 1058 2595 1191 2652; x_wconf 90' lang='lat' dir='ltr'><em>dominus</em></span> 
     </span>
     <span class='ocr_line' id='line_1_25' title="bbox 206 2681 1188 2759; baseline 0.001 -22"><span class='ocrx_word' id='word_1_205' title='bbox 206 2692 282 2751; x_wconf 88' lang='lat' dir='ltr'><em>tuus,</em></span> <span class='ocrx_word' id='word_1_206' title='bbox 307 2681 409 2740; x_wconf 85' lang='lat' dir='ltr'><em>lauans</em></span> <span class='ocrx_word' id='word_1_207' title='bbox 428 2683 520 2758; x_wconf 88' lang='lat' dir='ltr'><em>pedes</em></span> <span class='ocrx_word' id='word_1_208' title='bbox 543 2695 618 2739; x_wconf 89' lang='lat' dir='ltr'><em>tuos.</em></span> <span class='ocrx_word' id='word_1_209' title='bbox 648 2683 821 2749; x_wconf 88' lang='lat' dir='ltr'><em>Didicimus,</em></span> <span class='ocrx_word' id='word_1_210' title='bbox 842 2684 973 2759; x_wconf 84' lang='lat' dir='ltr'><em>fratres,</em></span> <span class='ocrx_word' id='word_1_211' title='bbox 997 2682 1188 2739; x_wconf 80' lang='lat' dir='ltr'><em>humilitatem</em></span> 
     </span>
     <span class='ocr_line' id='line_1_26' title="bbox 165 2769 1191 2845; baseline 0 -21"><span class='ocrx_word' id='word_1_212' title='bbox 165 2783 195 2833; x_wconf 80' lang='lat'><em>25</em></span> <span class='ocrx_word' id='word_1_213' title='bbox 207 2770 242 2826; x_wconf 85' lang='lat' dir='ltr'><em>ab</em></span> <span class='ocrx_word' id='word_1_214' title='bbox 265 2769 392 2842; x_wconf 84' lang='lat' dir='ltr'><em>excelso,</em></span> <span class='ocrx_word' id='word_1_215' title='bbox 408 2770 562 2844; x_wconf 80' lang='lat' dir='ltr'><em>faciamus</em></span> <span class='ocrx_word' id='word_1_216' title='bbox 578 2770 697 2825; x_wconf 86' lang='lat' dir='ltr'><em>inuicem</em></span> <span class='ocrx_word' id='word_1_217' title='bbox 720 2770 842 2825; x_wconf 77' lang='lat' dir='ltr'><em>huiiiiles</em></span> <span class='ocrx_word' id='word_1_218' title='bbox 865 2770 942 2844; x_wconf 85' lang='lat' dir='ltr'><em>quod</em></span> <span class='ocrx_word' id='word_1_219' title='bbox 957 2769 1106 2824; x_wconf 86' lang='lat' dir='ltr'><em>humiliter</em></span> <span class='ocrx_word' id='word_1_220' title='bbox 1112 2769 1191 2845; x_wconf 77' lang='lat' dir='ltr'><em>jecit</em></span> 
     </span>
     <span class='ocr_line' id='line_1_27' title="bbox 206 2856 1190 2935; baseline -0.001 -23"><span class='ocrx_word' id='word_1_221' title='bbox 206 2856 348 2913; x_wconf 82' lang='lat' dir='ltr'><em>excelsus.</em></span> <span class='ocrx_word' id='word_1_222' title='bbox 383 2857 496 2935; x_wconf 86' lang='lat' dir='ltr'><em>Magna</em></span> <span class='ocrx_word' id='word_1_223' title='bbox 529 2867 570 2912; x_wconf 89' lang='lat' dir='ltr'><em>est</em></span> <span class='ocrx_word' id='word_1_224' title='bbox 602 2857 654 2913; x_wconf 81' lang='lat' dir='ltr'><em>hec</em></span> <span class='ocrx_word' id='word_1_225' title='bbox 686 2857 901 2913; x_wconf 89' lang='lat' dir='ltr'><em>commendacio</em></span> <span class='ocrx_word' id='word_1_226' title='bbox 940 2856 1126 2925; x_wconf 72' lang='lat' dir='ltr'><em>liuniilitatis5</em></span> <span class='ocrx_word' id='word_1_227' title='bbox 1162 2866 1190 2911; x_wconf 89' lang='lat' dir='ltr'><em>et</em></span> 
     </span>
     <span class='ocr_line' id='line_1_28' title="bbox 206 2943 1190 3019; baseline 0 -20"><span class='ocrx_word' id='word_1_228' title='bbox 206 2943 327 3019; x_wconf 76' lang='lat' dir='ltr'><em>jaciunt</em></span> <span class='ocrx_word' id='word_1_229' title='bbox 359 2944 413 3000; x_wconf 82' lang='lat' dir='ltr'><em>hoc</em></span> <span class='ocrx_word' id='word_1_230' title='bbox 434 2944 491 3001; x_wconf 84' lang='lat' dir='ltr'><em>sibi</em></span> <span class='ocrx_word' id='word_1_231' title='bbox 520 2944 642 2999; x_wconf 86' lang='lat' dir='ltr'><em>invicem</em></span> <span class='ocrx_word' id='word_1_232' title='bbox 660 2944 782 3019; x_wconf 84' lang='lat' dir='ltr'><em>fratres</em></span> <span class='ocrx_word' id='word_1_233' title='bbox 810 2944 901 3000; x_wconf 88' lang='lat' dir='ltr'><em>eciam</em></span> <span class='ocrx_word' id='word_1_234' title='bbox 926 2944 988 3019; x_wconf 91' lang='lat' dir='ltr'><em>ipso</em></span> <span class='ocrx_word' id='word_1_235' title='bbox 1012 2961 1100 3019; x_wconf 90' lang='lat' dir='ltr'><em>opere</em></span> <span class='ocrx_word' id='word_1_236' title='bbox 1123 2943 1190 2999; x_wconf 85' lang='lat' dir='ltr'><em>uisi-</em></span> 
     </span>
     <span class='ocr_line' id='line_1_29' title="bbox 206 3029 1191 3107; baseline -0.001 -21"><span class='ocrx_word' id='word_1_237' title='bbox 206 3029 265 3101; x_wconf 77' lang='lat' dir='ltr'><em>biti,</em></span> <span class='ocrx_word' id='word_1_238' title='bbox 301 3048 365 3086; x_wconf 90' lang='lat' dir='ltr'><em>cum</em></span> <span class='ocrx_word' id='word_1_239' title='bbox 389 3049 420 3087; x_wconf 87' lang='lat' dir='ltr'><em>se</em></span> <span class='ocrx_word' id='word_1_240' title='bbox 447 3030 567 3087; x_wconf 84' lang='lat' dir='ltr'><em>inuicem</em></span> <span class='ocrx_word' id='word_1_241' title='bbox 600 3031 730 3107; x_wconf 82' lang='lat' dir='ltr'><em>hospicio</em></span> <span class='ocrx_word' id='word_1_242' title='bbox 755 3031 912 3106; x_wconf 87' lang='lat' dir='ltr'><em>recipiunt,·</em></span> <span class='ocrx_word' id='word_1_243' title='bbox 949 3041 991 3086; x_wconf 90' lang='lat' dir='ltr'><em>est</em></span> <span class='ocrx_word' id='word_1_244' title='bbox 1014 3031 1087 3087; x_wconf 89' lang='lat' dir='ltr'><em>enim</em></span> <span class='ocrx_word' id='word_1_245' title='bbox 1111 3031 1191 3105; x_wconf 90' lang='lat' dir='ltr'><em>apud</em></span> 
     </span>
     <span class='ocr_line' id='line_1_30' title="bbox 201 3116 1188 3193; baseline 0 -21"><span class='ocrx_word' id='word_1_246' title='bbox 201 3116 359 3192; x_wconf 84' lang='lat' dir='ltr'><em>plerosque</em></span> <span class='ocrx_word' id='word_1_247' title='bbox 396 3119 571 3174; x_wconf 83' lang='lat' dir='ltr'><em>consuetudo</em></span> <span class='ocrx_word' id='word_1_248' title='bbox 595 3117 766 3174; x_wconf 84' lang='lat' dir='ltr'><em>humilitatis</em></span> <span class='ocrx_word' id='word_1_249' title='bbox 798 3118 882 3172; x_wconf 85' lang='lat' dir='ltr'><em>huius</em></span> <span class='ocrx_word' id='word_1_250' title='bbox 906 3136 994 3192; x_wconf 87' lang='lat' dir='ltr'><em>usque</em></span> <span class='ocrx_word' id='word_1_251' title='bbox 1017 3119 1056 3173; x_wconf 91' lang='lat' dir='ltr'><em>ad</em></span> <span class='ocrx_word' id='word_1_252' title='bbox 1070 3118 1188 3193; x_wconf 89' lang='lat' dir='ltr'><em>sactum</em></span> 
     </span>
     <span class='ocr_line' id='line_1_31' title="bbox 164 3203 1190 3281; baseline 0.001 -22"><span class='ocrx_word' id='word_1_253' title='bbox 164 3219 195 3269; x_wconf 85' lang='lat'><em>30</em></span> <span class='ocrx_word' id='word_1_254' title='bbox 204 3222 261 3280; x_wconf 83' lang='lat' dir='ltr'><em>quo</em></span> <span class='ocrx_word' id='word_1_255' title='bbox 284 3215 424 3260; x_wconf 89' lang='lat' dir='ltr'><em>cernatur</em></span> <span class='ocrx_word' id='word_1_256' title='bbox 446 3203 598 3281; x_wconf 81' lang='lat' dir='ltr'><em>expressa.</em></span> <span class='ocrx_word' id='word_1_257' title='bbox 626 3205 708 3260; x_wconf 85' lang='lat' dir='ltr'><em>Unde</em></span> <span class='ocrx_word' id='word_1_258' title='bbox 728 3205 885 3280; x_wconf 78' lang='lat' dir='ltr'><em>Apostolus</em></span> <span class='ocrx_word' id='word_1_259' title='bbox 905 3222 969 3260; x_wconf 90' lang='lat' dir='ltr'><em>cum</em></span> <span class='ocrx_word' id='word_1_260' title='bbox 987 3205 1103 3259; x_wconf 88' lang='lat' dir='ltr'><em>uiduam</em></span> <span class='ocrx_word' id='word_1_261' title='bbox 1121 3205 1190 3261; x_wconf 85' lang='lat' dir='ltr'><em>bene</em></span> 
     </span>
     <span class='ocr_line' id='line_1_32' title="bbox 205 3290 1192 3367; baseline 0.001 -22"><span class='ocrx_word' id='word_1_262' title='bbox 205 3290 341 3346; x_wconf 90' lang='lat' dir='ltr'><em>meritam</em></span> <span class='ocrx_word' id='word_1_263' title='bbox 374 3293 606 3348; x_wconf 86' lang='lat' dir='ltr'><em>commendaret:</em></span> <span class='ocrx_word' id='word_1_264' title='bbox 646 3292 680 3347; x_wconf 89' lang='lat' dir='ltr'><em>Si</em></span> <span class='ocrx_word' id='word_1_265' title='bbox 705 3292 845 3367; x_wconf 80' lang='lat' dir='ltr'><em>hospicio,</em></span> <span class='ocrx_word' id='word_1_266' title='bbox 883 3291 983 3366; x_wconf 85' lang='lat' dir='ltr'><em>inquit,</em></span> <span class='ocrx_word' id='word_1_267' title='bbox 1018 3292 1130 3367; x_wconf 88' lang='lat' dir='ltr'><em>recipit,</em></span> <span class='ocrx_word' id='word_1_268' title='bbox 1164 3291 1192 3346; x_wconf 92' lang='lat' dir='ltr'><em>si</em></span> 
     </span>
     <span class='ocr_line' id='line_1_33' title="bbox 204 3378 1190 3454; baseline 0.002 -22"><span class='ocrx_word' id='word_1_269' title='bbox 204 3388 373 3434; x_wconf 89' lang='lat' dir='ltr'><em>sanctorum</em></span> <span class='ocrx_word' id='word_1_270' title='bbox 400 3380 491 3453; x_wconf 90' lang='lat' dir='ltr'><em>pedes</em></span> <span class='ocrx_word' id='word_1_271' title='bbox 525 3379 595 3434; x_wconf 86' lang='lat' dir='ltr'><em>lauit</em></span> <span class='ocrx_word' id='word_1_272' title='bbox 634 3390 661 3434; x_wconf 89' lang='lat' dir='ltr'><em>et</em></span> <span class='ocrx_word' id='word_1_273' title='bbox 693 3379 773 3454; x_wconf 89' lang='lat' dir='ltr'><em>apud</em></span> <span class='ocrx_word' id='word_1_274' title='bbox 804 3391 921 3434; x_wconf 91' lang='lat' dir='ltr'><em>sanctos</em></span> <span class='ocrx_word' id='word_1_275' title='bbox 952 3378 1111 3454; x_wconf 83' lang='lat' dir='ltr'><em>ubicunque</em></span> <span class='ocrx_word' id='word_1_276' title='bbox 1137 3378 1190 3434; x_wconf 82' lang='lat' dir='ltr'><em>lrec</em></span> 
     </span>
     <span class='ocr_line' id='line_1_34' title="bbox 204 3465 1188 3540; baseline 0 -20"><span class='ocrx_word' id='word_1_277' title='bbox 204 3466 380 3521; x_wconf 88' lang='lat' dir='ltr'><em>consuetudo</em></span> <span class='ocrx_word' id='word_1_278' title='bbox 418 3477 470 3536; x_wconf 84' lang='lat' dir='ltr'><em>est,</em></span> <span class='ocrx_word' id='word_1_279' title='bbox 509 3467 586 3540; x_wconf 87' lang='lat' dir='ltr'><em>quod</em></span> <span class='ocrx_word' id='word_1_280' title='bbox 619 3484 705 3520; x_wconf 85' lang='lat' dir='ltr'><em>mann</em></span> <span class='ocrx_word' id='word_1_281' title='bbox 745 3484 799 3520; x_wconf 86' lang='lat' dir='ltr'><em>non</em></span> <span class='ocrx_word' id='word_1_282' title='bbox 827 3465 956 3540; x_wconf 81' lang='lat' dir='ltr'><em>saciant,</em></span> <span class='ocrx_word' id='word_1_283' title='bbox 993 3467 1083 3521; x_wconf 92' lang='lat' dir='ltr'><em>corde</em></span> <span class='ocrx_word' id='word_1_284' title='bbox 1106 3465 1188 3539; x_wconf 81' lang='lat' dir='ltr'><em>saci·</em></span> 
     </span>
     <span class='ocr_line' id='line_1_35' title="bbox 205 3552 1188 3631; baseline 0.001 -25"><span class='ocrx_word' id='word_1_285' title='bbox 205 3563 266 3622; x_wconf 86' lang='lat' dir='ltr'><em>unt,</em></span> <span class='ocrx_word' id='word_1_286' title='bbox 289 3552 316 3608; x_wconf 93' lang='lat' dir='ltr'><em>si</em></span> <span class='ocrx_word' id='word_1_287' title='bbox 338 3553 366 3607; x_wconf 94' lang='lat' dir='ltr'><em>in</em></span> <span class='ocrx_word' id='word_1_288' title='bbox 389 3552 508 3608; x_wconf 89' lang='lat' dir='ltr'><em>illorum</em></span> <span class='ocrx_word' id='word_1_289' title='bbox 533 3571 655 3608; x_wconf 78' lang='lat' dir='ltr'><em>niirnero</em></span> <span class='ocrx_word' id='word_1_290' title='bbox 678 3563 744 3608; x_wconf 82' lang='lat' dir='ltr'><em>sum</em></span> <span class='ocrx_word' id='word_1_291' title='bbox 768 3552 867 3626; x_wconf 87' lang='lat' dir='ltr'><em>quibus</em></span> <span class='ocrx_word' id='word_1_292' title='bbox 891 3552 999 3607; x_wconf 87' lang='lat' dir='ltr'><em>dicitur</em></span> <span class='ocrx_word' id='word_1_293' title='bbox 1023 3552 1050 3607; x_wconf 89' lang='lat' dir='ltr'><em>in</em></span> <span class='ocrx_word' id='word_1_294' title='bbox 1075 3553 1188 3631; x_wconf 74' lang='lat' dir='ltr'><em>hymno</em></span> 
     </span>
     <span class='ocr_line' id='line_1_36' title="bbox 162 3638 1188 3700; baseline 0.002 -8"><span class='ocrx_word' id='word_1_295' title='bbox 162 3638 354 3700; x_wconf 75' lang='lat' dir='ltr'><em>35lreatormn</em></span> <span class='ocrx_word' id='word_1_296' title='bbox 388 3641 476 3695; x_wconf 90' lang='lat' dir='ltr'><em>trium</em></span> <span class='ocrx_word' id='word_1_297' title='bbox 512 3639 659 3695; x_wconf 89' lang='lat' dir='ltr'><em>uirorum:</em></span> <span class='ocrx_word' id='word_1_298' title='bbox 692 3640 856 3695; x_wconf 87' lang='lat' dir='ltr'><em>Benedicite</em></span> <span class='ocrx_word' id='word_1_299' title='bbox 887 3639 982 3695; x_wconf 90' lang='lat' dir='ltr'><em>sancti</em></span> <span class='ocrx_word' id='word_1_300' title='bbox 1015 3649 1040 3694; x_wconf 89' lang='lat' dir='ltr'><em>et</em></span> <span class='ocrx_word' id='word_1_301' title='bbox 1066 3639 1188 3694; x_wconf 89' lang='lat' dir='ltr'><em>lmmiles</em></span> 
     </span>
     <span class='ocr_line' id='line_1_37' title="bbox 204 3726 1187 3782; baseline 0.001 -2"><span class='ocrx_word' id='word_1_302' title='bbox 204 3726 294 3781; x_wconf 87' lang='lat' dir='ltr'><em>corde</em></span> <span class='ocrx_word' id='word_1_303' title='bbox 319 3727 453 3782; x_wconf 87' lang='lat' dir='ltr'><em>Domino.</em></span> <span class='ocrx_word' id='word_1_304' title='bbox 488 3727 584 3782; x_wconf 88' lang='lat' dir='ltr'><em>Multo</em></span> <span class='ocrx_word' id='word_1_305' title='bbox 617 3739 713 3782; x_wconf 89' lang='lat' dir='ltr'><em>autem</em></span> <span class='ocrx_word' id='word_1_306' title='bbox 748 3738 791 3782; x_wconf 86' lang='lat' dir='ltr'><em>est</em></span> <span class='ocrx_word' id='word_1_307' title='bbox 814 3727 916 3782; x_wconf 81' lang='lat' dir='ltr'><em>inelius</em></span> <span class='ocrx_word' id='word_1_308' title='bbox 940 3737 965 3781; x_wconf 87' lang='lat' dir='ltr'><em>et</em></span> <span class='ocrx_word' id='word_1_309' title='bbox 989 3726 1050 3781; x_wconf 86' lang='lat' dir='ltr'><em>sine</em></span> <span class='ocrx_word' id='word_1_310' title='bbox 1073 3738 1187 3781; x_wconf 88' lang='lat' dir='ltr'><em>contro-</em></span> 
     </span>
     <span class='ocr_line' id='line_1_38' title="bbox 205 3812 1190 3890; baseline 0.001 -25"><span class='ocrx_word' id='word_1_311' title='bbox 205 3812 299 3869; x_wconf 85' lang='lat' dir='ltr'><em>versia</em></span> <span class='ocrx_word' id='word_1_312' title='bbox 325 3815 420 3869; x_wconf 86' lang='lat' dir='ltr'><em>uerius</em></span> <span class='ocrx_word' id='word_1_313' title='bbox 444 3826 473 3869; x_wconf 90' lang='lat' dir='ltr'><em>ut</em></span> <span class='ocrx_word' id='word_1_314' title='bbox 498 3815 587 3871; x_wconf 90' lang='lat' dir='ltr'><em>eciam</em></span> <span class='ocrx_word' id='word_1_315' title='bbox 606 3815 737 3870; x_wconf 86' lang='lat' dir='ltr'><em>manibus</em></span> <span class='ocrx_word' id='word_1_316' title='bbox 751 3814 826 3890; x_wconf 85' lang='lat' dir='ltr'><em>fiat;</em></span> <span class='ocrx_word' id='word_1_317' title='bbox 850 3833 900 3868; x_wconf 87' lang='lat' dir='ltr'><em>nec</em></span> <span class='ocrx_word' id='word_1_318' title='bbox 916 3813 1095 3890; x_wconf 85' lang='lat' dir='ltr'><em>dedignatur</em></span> <span class='ocrx_word' id='word_1_319' title='bbox 1112 3812 1190 3886; x_wconf 81' lang='lat' dir='ltr'><em>quod</em></span> 
     </span>
     <span class='ocr_line' id='line_1_39' title="bbox 204 3900 777 3975; baseline 0.005 -20"><span class='ocrx_word' id='word_1_320' title='bbox 204 3900 281 3972; x_wconf 84' lang='lat' dir='ltr'><em>jecit</em></span> <span class='ocrx_word' id='word_1_321' title='bbox 308 3901 445 3957; x_wconf 85' lang='lat' dir='ltr'><em>Christus</em></span> <span class='ocrx_word' id='word_1_322' title='bbox 461 3902 571 3975; x_wconf 81' lang='lat' dir='ltr'><em>jacere</em></span> <span class='ocrx_word' id='word_1_323' title='bbox 594 3902 777 3958; x_wconf 85' lang='lat' dir='ltr'><em>christianus.</em></span> 
     </span>
    </p>
   </div>
   <div class='ocr_carea' id='block_1_3' title="bbox 203 4144 1187 4242">
    <p class='ocr_par' dir='ltr' id='par_1_3' title="bbox 203 4144 1187 4242">
     <span class='ocr_line' id='line_1_40' title="bbox 254 4144 1187 4201; baseline -0.005 -11"><span class='ocrx_word' id='word_1_324' title='bbox 254 4161 277 4197; x_wconf 82' lang='grc'><em>4.</em></span> <span class='ocrx_word' id='word_1_325' title='bbox 292 4147 325 4191; x_wconf 78' lang='lat' dir='ltr'><em>A:</em></span> <span class='ocrx_word' id='word_1_326' title='bbox 341 4158 370 4190; x_wconf 88' lang='lat' dir='ltr'><em>ac</em></span> <span class='ocrx_word' id='word_1_327' title='bbox 383 4148 499 4190; x_wconf 83' lang='lat' dir='ltr'><em>ueraciter</em></span> <span class='ocrx_word' id='word_1_328' title='bbox 513 4147 687 4201; x_wconf 74' lang='lat' dir='ltr'><em>gloriarentur.</em></span> <span class='ocrx_word' id='word_1_329' title='bbox 775 4146 802 4189; x_wconf 78' lang='lat'><em>15.</em></span> <span class='ocrx_word' id='word_1_330' title='bbox 819 4147 848 4189; x_wconf 88' lang='lat' dir='ltr'><em>B:</em></span> <span class='ocrx_word' id='word_1_331' title='bbox 864 4146 1015 4190; x_wconf 82' lang='lat' dir='ltr'><em>didiscerunt.</em></span> <span class='ocrx_word' id='word_1_332' title='bbox 1106 4157 1142 4197; x_wconf 76' lang='lat'><em>24.</em></span> <span class='ocrx_word' id='word_1_333' title='bbox 1159 4144 1187 4187; x_wconf 89' lang='lat' dir='ltr'><em>B:</em></span> 
     </span>
     <span class='ocr_line' id='line_1_41' title="bbox 203 4199 344 4242; baseline 0 0"><span class='ocrx_word' id='word_1_334' title='bbox 203 4199 344 4242; x_wconf 75' lang='lat' dir='ltr'><em>didiscimus.</em></span> 
     </span>
    </p>
   </div>
   <div class='ocr_carea' id='block_1_4' title="bbox 204 4306 1189 4512">
    <p class='ocr_par' dir='ltr' id='par_1_4' title="bbox 204 4306 1189 4512">
     <span class='ocr_line' id='line_1_42' title="bbox 259 4306 1189 4370; baseline 0 -15"><span class='ocrx_word' id='word_1_335' title='bbox 259 4323 279 4356; x_wconf 77' lang='grc' dir='ltr'><em>ι.</em></span> <span class='ocrx_word' id='word_1_336' title='bbox 300 4309 327 4356; x_wconf 95' lang='grc' dir='ltr'><em>ΙΙ.</em></span> <span class='ocrx_word' id='word_1_337' title='bbox 347 4308 407 4357; x_wconf 82' lang='lat' dir='ltr'><em>Cor.</em></span> <span class='ocrx_word' id='word_1_338' title='bbox 425 4308 478 4368; x_wconf 79' lang='grc' dir='ltr'>ΧΙΙ,</span> <span class='ocrx_word' id='word_1_339' title='bbox 498 4307 522 4356; x_wconf 78' lang='lat' dir='ltr'><em>li.</em></span> <span class='ocrx_word' id='word_1_340' title='bbox 579 4324 604 4370; x_wconf 86' lang='lat'><em>4.</em></span> <span class='ocrx_word' id='word_1_341' title='bbox 626 4311 642 4357; x_wconf 88' lang='lat' dir='ltr'><em>l.</em></span> <span class='ocrx_word' id='word_1_342' title='bbox 662 4309 721 4357; x_wconf 79' lang='lat' dir='ltr'><em>Cor.</em></span> <span class='ocrx_word' id='word_1_343' title='bbox 742 4309 759 4369; x_wconf 90' lang='lat' dir='ltr'><em>l,</em></span> <span class='ocrx_word' id='word_1_344' title='bbox 780 4311 820 4358; x_wconf 79' lang='lat'><em>31.</em></span> <span class='ocrx_word' id='word_1_345' title='bbox 874 4307 898 4356; x_wconf 79' lang='lat'><em>8.</em></span> <span class='ocrx_word' id='word_1_346' title='bbox 920 4308 1014 4356; x_wconf 82' lang='lat' dir='ltr'><em>Psalm.</em></span> <span class='ocrx_word' id='word_1_347' title='bbox 1034 4306 1144 4366; x_wconf 70' lang='lat' dir='ltr'><em>xxxin,</em></span> <span class='ocrx_word' id='word_1_348' title='bbox 1165 4307 1189 4358; x_wconf 86' lang='lat'><em>3.</em></span> 
     </span>
     <span class='ocr_line' id='line_1_43' title="bbox 204 4376 1189 4442; baseline -0.001 -17"><span class='ocrx_word' id='word_1_349' title='bbox 204 4376 244 4426; x_wconf 88' lang='lat'><em>28.</em></span> <span class='ocrx_word' id='word_1_350' title='bbox 268 4379 294 4426; x_wconf 88' lang='lat' dir='ltr'><em>S.</em></span> <span class='ocrx_word' id='word_1_351' title='bbox 317 4379 474 4427; x_wconf 80' lang='lat' dir='ltr'><em>Benedictus</em></span> <span class='ocrx_word' id='word_1_352' title='bbox 497 4379 521 4425; x_wconf 89' lang='lat' dir='ltr'><em>in</em></span> <span class='ocrx_word' id='word_1_353' title='bbox 547 4379 655 4442; x_wconf 82' lang='lat' dir='ltr'><em>Regulo,</em></span> <span class='ocrx_word' id='word_1_354' title='bbox 679 4393 700 4426; x_wconf 90' lang='lat' dir='ltr'><em>c.</em></span> <span class='ocrx_word' id='word_1_355' title='bbox 727 4378 788 4426; x_wconf 74' lang='grc' dir='ltr'>[ΙΙΙ.</span> <span class='ocrx_word' id='word_1_356' title='bbox 896 4380 936 4428; x_wconf 73' lang='lat'><em>31.</em></span> <span class='ocrx_word' id='word_1_357' title='bbox 960 4379 977 4426; x_wconf 92' lang='grc' dir='ltr'><em>Ι.</em></span> <span class='ocrx_word' id='word_1_358' title='bbox 997 4378 1066 4426; x_wconf 81' lang='lat' dir='ltr'><em>Tim.</em></span> <span class='ocrx_word' id='word_1_359' title='bbox 1087 4377 1117 4436; x_wconf 91' lang='lat' dir='ltr'><em>V,</em></span> <span class='ocrx_word' id='word_1_360' title='bbox 1150 4391 1189 4424; x_wconf 84' lang='lat' dir='ltr'><em>to.</em></span> 
     </span>
     <span class='ocr_line' id='line_1_44' title="bbox 204 4444 433 4512; baseline -0.013 -14"><span class='ocrx_word' id='word_1_361' title='bbox 204 4444 244 4498; x_wconf 71' lang='lat'><em>36.</em></span> <span class='ocrx_word' id='word_1_362' title='bbox 263 4448 327 4496; x_wconf 83' lang='lat' dir='ltr'><em>Dan.</em></span> <span class='ocrx_word' id='word_1_363' title='bbox 350 4448 389 4509; x_wconf 86' lang='grc' dir='ltr'>ΙΙΙ,</span> <span class='ocrx_word' id='word_1_364' title='bbox 409 4463 433 4512; x_wconf 89' lang='lat'><em>7.</em></span> 
     </span>
    </p>
   </div>
   <div class='ocr_carea' id='block_1_5' title="bbox 1236 2704 1366 2813">
    <p class='ocr_par' dir='ltr' id='par_1_5' title="bbox 1236 2704 1366 2813">
     <span class='ocr_line' id='line_1_45' title="bbox 1236 2704 1366 2747; baseline -0.008 0"><span class='ocrx_word' id='word_1_365' title='bbox 1236 2704 1323 2747; x_wconf 76' lang='lat' dir='ltr'><em>Lasson</em></span> <span class='ocrx_word' id='word_1_366' title='bbox 1338 2705 1366 2747; x_wconf 84' lang='lat' dir='ltr'><em>ol</em></span> 
     </span>
     <span class='ocr_line' id='line_1_46' title="bbox 1246 2757 1361 2813; baseline 0.009 -14"><span class='ocrx_word' id='word_1_367' title='bbox 1246 2757 1361 2813; x_wconf 82' lang='lat' dir='ltr'><em>humility.</em></span> 
     </span>
    </p>
   </div>
   <div class='ocr_carea' id='block_1_6' title="bbox 0 0 1555 5130">
    <p class='ocr_par' dir='ltr' id='par_1_6' title="bbox 0 0 1555 5130">
     <span class='ocr_line' id='line_1_47' title="bbox 0 0 1555 5130; baseline 0 0"><span class='ocrx_word' id='word_1_368' title='bbox 0 0 1555 5130; x_wconf 95' lang='lat' dir='ltr'><em> </em></span> 
     </span>
    </p>
   </div>
  </div>
 </body>
</html>
