3030 5130
580 443 669 490 (ll'llb'
689 443 941 491 Evnmttlllctm
964 444 1027 492 ΗΒ.
1048 443 1087 492 lll.
1165 424 1253 507 [Chl‘.
1275 440 1332 482 llll·

335 604 550 680 persecutionis
582 613 608 658 el
643 604 850 679 attgusliarom
883 614 1014 678 lentpore
1045 621 1163 679 semper
1201 604 1331 659 Pseudo·

334 691 477 767 prophete
510 689 672 764 decipiendi
698 690 844 745 inveniunt
868 690 974 757 locum,
1006 689 1033 745 si
1055 690 1118 764 quis
1140 691 1194 745 sub
1218 691 1333 746 nomine

336 779 404 833 Jesu
424 777 535 832 Christi
556 795 588 832 se
610 776 721 832 iactare
745 777 878 846 voluerit,
903 795 959 832 aon
983 777 1081 832 statim
1106 777 1333 834 accommodetis

338 864 442 941 fidem.
468 865 531 919 Hec
554 865 742 936 leronymus.

134 944 308 1051 imffigssfflffion
382 952 508 1006 Videtur
532 950 622 1006 istum
646 963 783 1006 sunctum
819 969 854 1006 ac
887 949 911 1005 si
936 951 1059 1006 haberet
1094 948 1237 1024 spiritum
1263 954 1356 1024 pro-5

133 1049 223 1104 apphus
238 1056 262 1091 ιο
278 1050 315 1092 rue
339 1037 492 1112 pheticum
532 1038 621 1111 plane
659 1055 806 1111 exponere
840 1036 1022 1093 Antichristi
1060 1035 1230 1094 versuciam
1273 1037 1331 1095 iam

127 1102 319 1208 υξζζζῗέἥγάζῇῃ,
339 1125 512 1192 instantem,
546 1137 574 1179 et
606 1123 648 1180 sic
673 1126 709 1179 de
734 1123 836 1180 multis
860 1123 1053 1180 Antichristis
1077 1124 1128 1199 qui
1153 1123 1280 1181 veniunt
1303 1124 1332 1181 in

137 1206 310 1312 r⁰e³¹¹jgp¹c⁰¹¹¹⁰
339 1211 449 1269 Christi
482 1210 605 1267 nomine
630 1211 749 1284 planius
782 1210 954 1267 verificatur
977 1210 1034 1267 ista
1067 1210 1241 1285 evangelica
1265 1230 1333 1286 pro·

250 1289 255 1300 ¹
338 1298 453 1373 phecia.
487 1300 613 1354 Planum
648 1297 768 1372 quidem
796 1299 945 1372 estquod
979 1297 1065 1354 multi
1100 1316 1178 1372 pape
1210 1299 1333 1356 veniunt

339 1387 369 1442 in
394 1385 506 1442 Christi
527 1385 650 1441 nomine
675 1385 809 1441 dicentes
833 1383 980 1459 implicite
1012 1385 1058 1441 vel
1086 1385 1227 1459 explicite
1251 1388 1371 1460 quotlm

338 1492 393 1547 ego
418 1491 484 1528 sum
515 1471 662 1538 Christus
695 1490 798 1545 ymmo
833 1473 1000 1528 secundum
1024 1470 1224 1546 propheciam
1253 1475 1332 1547 Apo·

339 1559 406 1616 stoli
427 1559 590 1615 multitudo
607 1560 872 1633 pseudopapatum
891 1558 1042 1615 extollitur
1058 1577 1149 1634 super
1165 1558 1331 1617 Christum.

339 1666 406 1703 eum
438 1646 578 1702 concedit
614 1645 779 1720 privilegia,
819 1645 1024 1720 indulgencias
1056 1659 1086 1702 et
1118 1647 1331 1705 absoluciones

340 1735 418 1789 ultra
443 1735 499 1790 boc
523 1736 604 1807 quod
629 1747 732 1790 noster
755 1735 839 1789 lesus
863 1736 942 1789 Deus
967 1747 995 1789 et
1019 1731 1161 1790 dominus
1184 1753 1331 1809 umquam

339 1820 422 1883 fecit;
456 1833 484 1876 et
519 1820 616 1876 sicin
648 1821 736 1877 sectis
769 1818 836 1877 aliis
869 1834 900 1876 ut
926 1819 955 1876 in
980 1819 1069 1876 sectis
1093 1816 1329 1896 Saracenorum}

340 1921 368 1964 et
401 1907 432 1963 in
465 1905 554 1963 sectis
586 1909 750 1964 iudeorum
786 1908 897 1962 multos
930 1906 1061 1980 reperies
1094 1907 1147 1981 qui
1172 1906 1279 1965 dicunt
1302 1927 1332 1966 se
1356 1911 1409 1977 424*

341 2013 404 2051 esse
430 1995 593 2068 prophetas
627 1994 752 2050 eximios
785 2008 813 2049 et
837 1993 978 2050 blessiam
1002 1993 1033 2050 in
1056 1994 1122 2068 lege
1145 1995 1331 2068 promissum

341 2082 499 2138 dominum
523 2084 624 2137 lesum
642 2081 808 2138 Christum.
834 2084 876 2138 lle
900 2099 979 2155 papa
1003 2094 1105 2138 autem
1130 2081 1177 2137 vel
1195 2084 1333 2140 Romano

342 2168 484 2243 pontifice
518 2182 561 2224 est
601 2170 667 2242 plus
700 2169 859 2224 innostro
891 2167 1074 2225 occidentali
1102 2169 1217 2242 angulo
1241 2169 1334 2226 disse·

342 2257 480 2325 rendum,
520 2255 589 2329 quia
625 2274 679 2311 nos
716 2257 782 2329 plus
815 2255 962 2311 sentimus
995 2257 1031 2312 tle
1070 2255 1159 2312 huius
1196 2256 1372 2314 versuciaro

341 2342 528 2399 Antichristi.

142 2427 312 2521 Tiffiecsl'gf‘eh‘
385 2431 443 2486 Sed
468 2428 634 2502 probabilis
658 2427 777 2484 ridetur
800 2428 953 2503 esposicio
976 2428 1129 2502 ieronymi
1162 2447 1224 2504 qua
1248 2443 1335 2487 notat

136 2531 315 2574 statrometand
341 2531 455 2573 textum
481 2515 628 2589 evangelii
662 2514 790 2572 dicentis
818 2517 900 2590 quod
923 2515 1181 2573 Antichristorum
1207 2516 1334 2591 quidam

142 2584 307 2690 ptriliiiiphers
340 2605 429 2660 habet
463 2604 575 2659 latores
599 2601 644 2657 sui
669 2602 801 2658 nominis
834 2603 893 2659 sive
919 2603 1007 2675 fame,
1032 2602 1167 2660 dicentes
1195 2605 1280 2678 quod
1304 2604 1334 2660 in

150 2688 297 2731 othtssect.
342 2693 461 2746 deserto
486 2704 544 2751 est:
584 2703 611 2744 et
645 2688 768 2762 quidam
795 2690 899 2746 dicunt
932 2692 1012 2764 quod
1038 2690 1068 2745 in
1092 2689 1373 2764 penetrabilibusai

341 2793 394 2846 est,
430 2776 500 2850 quia
525 2776 648 2851 quidam
674 2776 779 2832 dicunt
812 2778 892 2851 quod
930 2777 1091 2851 precipuus
1116 2777 1170 2833 Dei
1202 2777 1336 2835 vicarius

341 2878 384 2920 est
409 2866 596 2919 lllacometus
621 2863 665 2918 vel
689 2863 764 2919 alius
788 2864 839 2937 qui
864 2863 1062 2921 intersectas
1085 2865 1216 2921 habebat
1241 2864 1336 2922 maio·

341 2970 388 3008 res
413 2951 621 3024 philosophos,
651 2963 683 3005 ut
707 2950 784 3006 inter
805 2953 973 3007 Saracenos
997 2950 1108 3007 dicitur
1136 2950 1334 3024 Avicennam‚

342 3040 482 3110 Averoys,
516 3039 697 3093 Albumezar
732 3056 800 3093 cum
835 3037 937 3093 multis
970 3037 1037 3094 aliis
1070 3035 1223 3109 floruisse3
1262 3038 1335 3113 quie

341 3139 442 3181 tamen
470 3141 574 3179 omnes
607 3123 655 3179 isti
690 3143 757 3179 cum
783 3138 871 3198 gente
903 3142 957 3181 sua
988 3137 1073 3182 erant
1097 3124 1206 3181 deserti
1232 3144 1249 3183 a
1274 3125 1376 3185 fide30

342 3211 501 3271 catholica.
553 3211 621 3266 ideo
660 3211 815 3283 signanter
862 3211 935 3267 dicit
973 3210 1161 3286 evangelium
1199 3213 1237 3269 de
1282 3213 1334 3270 tali

341 3298 574 3372 pseudoprelato
598 3299 678 3371 quod
703 3297 733 3352 in
757 3300 875 3354 deserto
899 3312 951 3355 est.

130 3406 180 3448 ‘the
196 3407 257 3459 tuna·
273 3404 292 3446 is
307 3404 330 3448 in
384 3384 442 3441 Alii
468 3398 567 3441 autem
591 3384 694 3440 dicunt
719 3386 756 3440 de
779 3398 883 3441 nostro
907 3403 985 3460 papa
1007 3397 1036 3441 et
1059 3385 1233 3459 specialiter
1256 3386 1335 3443 occi-

163 3459 294 3553 ξῖζζῃξζῇξῑ
342 3473 477 3529 dentales
505 3470 632 3527 maniaci
657 3473 737 3545 quod
761 3471 824 3545 ipse
856 3472 886 3528 in
912 3471 1149 3545 penetrabilibus
1173 3486 1228 3543 est,
1262 3473 1334 3548 quia

346 3561 435 3616 babet
459 3572 574 3614 secreta
605 3557 738 3614 misteria
771 3559 852 3615 dicta
884 3558 940 3614 sibi
972 3560 1009 3615 de
1042 3558 1163 3616 Christo
1196 3573 1225 3617 et
1259 3563 1374 3628 beosa

345 3666 412 3703 cum
439 3646 477 3702 sit
502 3644 696 3701 immediatus
720 3644 850 3702 vicarius
873 3646 969 3702 sancti
994 3646 1084 3716 Petri,
1119 3659 1147 3702 et
1172 3660 1334 3721 propterea

344 3735 433 3790 habet
465 3731 658 3806 singulariter
691 3745 870 3806 potestatem
907 3732 1092 3790 concedendi
1125 3732 1334 3807 indulgencias

343 3835 371 3878 et
394 3819 550 3894 privilegia
584 3819 663 3875 ultra
697 3820 754 3875 boc
778 3821 858 3893 quod
889 3838 1025 3894 unquam
1050 3819 1188 3877 Christus
1211 3821 1259 3878 vel
1281 3821 1334 3878 ali-

344 3907 394 3981 qui
429 3907 492 3964 cius
525 3906 654 3981 apostoli
684 3920 944 3980 presumpserunt.
975 3909 1034 3964 Sed
1069 3926 1136 3963 cum
1172 3907 1333 3982 diligencia

398 4230 416 4274 3.
432 4233 466 4274 A:
481 4243 508 4274 se
521 4231 593 4274 deest.
674 4230 693 4273 5.
714 4232 735 4274 Α
751 4231 772 4273 in
789 4243 874 4286 marg.:
893 4230 1020 4273 lohannes.
1098 4242 1127 4274 12.
1144 4231 1172 4274 ll:
1184 4231 1332 4286 pseudopro-

343 4284 474 4339 phetarum.
542 4294 575 4342 23.
592 4283 733 4342 Azlvidetur
747 4284 818 4325 deest.
885 4282 919 4326 23.
937 4285 969 4325 A:
1002 4283 1128 4337 tonitium.
1191 4296 1226 4334 ²4·
1242 4284 1276 4326 A:
1291 4283 1335 4337 qui

345 4336 452 4378 haurion.
533 4345 568 4377 iu.
589 4338 610 4378 A
631 4347 756 4395 tu'margrz
778 4348 794 4377 t.
863 4348 897 4389 29.
919 4337 953 4377 A:
973 4295 1119 4389 ‚liburnorum
1187 4334 1222 4379 30.
1242 4336 1334 4379 Amo

345 4389 420 4436 ἀυτεῖς
437 4389 466 4429 ib.
483 4389 515 4429 h:
531 4391 590 4429 erut.
659 4385 690 4429 33.
706 4389 728 4430 A
743 4399 765 4429 m
781 4399 869 4440 marre:
885 4399 906 4430 ².
