<?xml version="1.0" encoding="UTF-8"?>
<!DOCTYPE html PUBLIC "-//W3C//DTD XHTML 1.0 Transitional//EN"
    "http://www.w3.org/TR/xhtml1/DTD/xhtml1-transitional.dtd">
<html xmlns="http://www.w3.org/1999/xhtml" xml:lang="en" lang="en">
 <head>
  <title>
</title>
<meta http-equiv="Content-Type" content="text/html;charset=utf-8" />
  <meta name='ocr-system' content='tesseract 3.04.00' />
  <meta name='ocr-capabilities' content='ocr_page ocr_carea ocr_par ocr_line ocrx_word'/>
</head>
<body>
  <div class='ocr_page' id='page_1' title='image "./iohanniswyclifo01wyclgoog_0228.png"; bbox 0 0 3098 5130; ppageno 0'>
   <div class='ocr_carea' id='block_1_1' title="bbox 202 481 915 562">
    <p class='ocr_par' dir='ltr' id='par_1_1' title="bbox 202 481 915 562">
     <span class='ocr_line' id='line_1_1' title="bbox 202 481 915 562; baseline 0.015 -28"><span class='ocrx_word' id='word_1_1' title='bbox 202 491 268 535; x_wconf 74' lang='lat' dir='ltr'>cnr,</span> <span class='ocrx_word' id='word_1_2' title='bbox 285 481 335 562; x_wconf 72' lang='lat' dir='ltr'>rr]</span> <span class='ocrx_word' id='word_1_3' title='bbox 492 497 537 546; x_wconf 75' lang='lat' dir='ltr'>nr:</span> <span class='ocrx_word' id='word_1_4' title='bbox 557 496 795 546; x_wconf 75' lang='lat' dir='ltr'>ANT1CHR15T0</span> <span class='ocrx_word' id='word_1_5' title='bbox 815 496 879 546; x_wconf 72' lang='grc' dir='ltr'>ΜΒ.</span> <span class='ocrx_word' id='word_1_6' title='bbox 898 497 915 545; x_wconf 87' lang='lat'>1.</span> 
     </span>
    </p>
   </div>
   <div class='ocr_carea' id='block_1_2' title="bbox 104 656 1401 3956">
    <p class='ocr_par' dir='ltr' id='par_1_2' title="bbox 104 656 1401 3956">
     <span class='ocr_line' id='line_1_2' title="bbox 199 656 1182 731; baseline -0.003 -18"><span class='ocrx_word' id='word_1_7' title='bbox 199 659 265 731; x_wconf 92' lang='lat' dir='ltr'>plus</span> <span class='ocrx_word' id='word_1_8' title='bbox 301 656 447 730; x_wconf 88' lang='lat' dir='ltr'>decrevit;</span> <span class='ocrx_word' id='word_1_9' title='bbox 480 670 508 713; x_wconf 88' lang='lat' dir='ltr'>et</span> <span class='ocrx_word' id='word_1_10' title='bbox 543 670 690 713; x_wconf 85' lang='lat' dir='ltr'>consonat</span> <span class='ocrx_word' id='word_1_11' title='bbox 721 656 814 726; x_wconf 89' lang='lat' dir='ltr'>racio,</span> <span class='ocrx_word' id='word_1_12' title='bbox 847 656 917 731; x_wconf 88' lang='lat' dir='ltr'>quia</span> <span class='ocrx_word' id='word_1_13' title='bbox 943 656 998 713; x_wconf 89' lang='lat' dir='ltr'>iste</span> <span class='ocrx_word' id='word_1_14' title='bbox 1025 668 1105 712; x_wconf 92' lang='lat' dir='ltr'>secte</span> <span class='ocrx_word' id='word_1_15' title='bbox 1130 673 1182 729; x_wconf 91' lang='lat' dir='ltr'>per</span> 
     </span>
     <span class='ocr_line' id='line_1_3' title="bbox 199 741 1183 820; baseline -0.004 -19"><span class='ocrx_word' id='word_1_16' title='bbox 199 744 372 818; x_wconf 83' lang='lat' dir='ltr'>superbiam</span> <span class='ocrx_word' id='word_1_17' title='bbox 398 758 425 800; x_wconf 91' lang='lat' dir='ltr'>et</span> <span class='ocrx_word' id='word_1_18' title='bbox 449 743 673 818; x_wconf 87' lang='lat' dir='ltr'>negleccionem</span> <span class='ocrx_word' id='word_1_19' title='bbox 691 745 811 820; x_wconf 91' lang='lat' dir='ltr'>sequele</span> <span class='ocrx_word' id='word_1_20' title='bbox 828 743 940 801; x_wconf 86' lang='lat' dir='ltr'>Christi</span> <span class='ocrx_word' id='word_1_21' title='bbox 966 744 996 799; x_wconf 91' lang='lat' dir='ltr'>in</span> <span class='ocrx_word' id='word_1_22' title='bbox 1019 742 1080 798; x_wconf 92' lang='lat' dir='ltr'>suis</span> <span class='ocrx_word' id='word_1_23' title='bbox 1104 741 1183 798; x_wconf 93' lang='lat' dir='ltr'>limi·</span> 
     </span>
     <span class='ocr_line' id='line_1_4' title="bbox 200 830 1184 905; baseline -0.003 -17"><span class='ocrx_word' id='word_1_24' title='bbox 200 833 280 888; x_wconf 90' lang='lat' dir='ltr'>tibus</span> <span class='ocrx_word' id='word_1_25' title='bbox 318 831 466 888; x_wconf 88' lang='lat' dir='ltr'>inducunt</span> <span class='ocrx_word' id='word_1_26' title='bbox 499 830 713 888; x_wconf 89' lang='lat' dir='ltr'>contenciones</span> <span class='ocrx_word' id='word_1_27' title='bbox 748 846 776 887; x_wconf 91' lang='lat' dir='ltr'>et</span> <span class='ocrx_word' id='word_1_28' title='bbox 809 830 936 888; x_wconf 88' lang='lat' dir='ltr'>invidias</span> <span class='ocrx_word' id='word_1_29' title='bbox 975 831 1184 905; x_wconf 84' lang='lat' dir='ltr'>perturbantes</span> 
     </span>
     <span class='ocr_line' id='line_1_5' title="bbox 200 915 1184 993; baseline -0.005 -17"><span class='ocrx_word' id='word_1_30' title='bbox 200 939 304 976; x_wconf 85' lang='lat' dir='ltr'>omnes</span> <span class='ocrx_word' id='word_1_31' title='bbox 328 933 388 976; x_wconf 89' lang='lat' dir='ltr'>tres</span> <span class='ocrx_word' id='word_1_32' title='bbox 421 932 521 993; x_wconf 86' lang='lat' dir='ltr'>partes</span> <span class='ocrx_word' id='word_1_33' title='bbox 546 918 670 975; x_wconf 88' lang='lat' dir='ltr'>ecclesie</span> <span class='ocrx_word' id='word_1_34' title='bbox 695 917 860 979; x_wconf 88' lang='lat' dir='ltr'>militantis.</span> <span class='ocrx_word' id='word_1_35' title='bbox 894 920 963 975; x_wconf 93' lang='lat' dir='ltr'>ldeo</span> <span class='ocrx_word' id='word_1_36' title='bbox 991 917 1095 974; x_wconf 88' lang='lat' dir='ltr'>dicunt</span> <span class='ocrx_word' id='word_1_37' title='bbox 1119 915 1184 991; x_wconf 91' lang='lat' dir='ltr'>qui-</span> 
     </span>
     <span class='ocr_line' id='line_1_6' title="bbox 176 1002 1184 1082; baseline -0.003 -20"><span class='ocrx_word' id='word_1_38' title='bbox 176 1009 269 1063; x_wconf 85' lang='lat' dir='ltr'>5dam</span> <span class='ocrx_word' id='word_1_39' title='bbox 288 1009 370 1082; x_wconf 91' lang='lat' dir='ltr'>quod</span> <span class='ocrx_word' id='word_1_40' title='bbox 391 1005 543 1062; x_wconf 90' lang='lat' dir='ltr'>seminant</span> <span class='ocrx_word' id='word_1_41' title='bbox 560 1005 736 1062; x_wconf 89' lang='lat' dir='ltr'>divisionem</span> <span class='ocrx_word' id='word_1_42' title='bbox 763 1019 791 1062; x_wconf 90' lang='lat' dir='ltr'>et</span> <span class='ocrx_word' id='word_1_43' title='bbox 808 1007 986 1080; x_wconf 87' lang='lat' dir='ltr'>perturbant</span> <span class='ocrx_word' id='word_1_44' title='bbox 1011 1005 1040 1061; x_wconf 92' lang='lat' dir='ltr'>in</span> <span class='ocrx_word' id='word_1_45' title='bbox 1057 1002 1184 1060; x_wconf 89' lang='lat' dir='ltr'>ecclesia</span> 
     </span>
     <span class='ocr_line' id='line_1_7' title="bbox 199 1112 442 1168; baseline -0.004 -18"><span class='ocrx_word' id='word_1_46' title='bbox 199 1113 299 1150; x_wconf 83' lang='lat' dir='ltr'>veram</span> <span class='ocrx_word' id='word_1_47' title='bbox 326 1112 442 1168; x_wconf 89' lang='lat' dir='ltr'>pacem.</span> 
     </span>
     <span class='ocr_line' id='line_1_8' title="bbox 244 1179 1375 1261; baseline -0.004 -24"><span class='ocrx_word' id='word_1_48' title='bbox 244 1184 359 1252; x_wconf 91' lang='lat' dir='ltr'>Quarta</span> <span class='ocrx_word' id='word_1_49' title='bbox 376 1179 531 1238; x_wconf 88' lang='lat' dir='ltr'>conclusio</span> <span class='ocrx_word' id='word_1_50' title='bbox 555 1179 598 1237; x_wconf 90' lang='lat' dir='ltr'>sic</span> <span class='ocrx_word' id='word_1_51' title='bbox 622 1180 784 1237; x_wconf 87' lang='lat' dir='ltr'>formatur:</span> <span class='ocrx_word' id='word_1_52' title='bbox 810 1179 1020 1236; x_wconf 91' lang='lat' dir='ltr'>Obediendum</span> <span class='ocrx_word' id='word_1_53' title='bbox 1039 1191 1082 1234; x_wconf 91' lang='lat' dir='ltr'>est</span> <span class='ocrx_word' id='word_1_54' title='bbox 1105 1196 1184 1253; x_wconf 89' lang='lat' dir='ltr'>pape</span> <span class='ocrx_word' id='word_1_55' title='bbox 1215 1223 1237 1261; x_wconf 34' lang='lat'>,¹</span> <span class='ocrx_word' id='word_1_56' title='bbox 1253 1206 1298 1251; x_wconf 80' lang='lat' dir='ltr'>We</span> <span class='ocrx_word' id='word_1_57' title='bbox 1313 1214 1375 1250; x_wconf 81' lang='lat' dir='ltr'>must</span> 
     </span>
     <span class='ocr_line' id='line_1_9' title="bbox 201 1262 1376 1357; baseline -0.006 -33"><span class='ocrx_word' id='word_1_58' title='bbox 201 1283 228 1324; x_wconf 84' lang='lat' dir='ltr'>et</span> <span class='ocrx_word' id='word_1_59' title='bbox 262 1268 431 1342; x_wconf 86' lang='lat' dir='ltr'>cuicunque</span> <span class='ocrx_word' id='word_1_60' title='bbox 470 1268 586 1341; x_wconf 89' lang='lat' dir='ltr'>prelato</span> <span class='ocrx_word' id='word_1_61' title='bbox 610 1266 725 1324; x_wconf 86' lang='lat' dir='ltr'>cesario</span> <span class='ocrx_word' id='word_1_62' title='bbox 759 1265 874 1341; x_wconf 91' lang='lat' dir='ltr'>precise</span> <span class='ocrx_word' id='word_1_63' title='bbox 907 1268 943 1322; x_wconf 93' lang='lat' dir='ltr'>de</span> <span class='ocrx_word' id='word_1_64' title='bbox 978 1280 1092 1340; x_wconf 90' lang='lat' dir='ltr'>quanto</span> <span class='ocrx_word' id='word_1_65' title='bbox 1120 1265 1184 1339; x_wconf 86' lang='lat' dir='ltr'>ipse</span> <span class='ocrx_word' id='word_1_66' title='bbox 1216 1262 1376 1357; x_wconf 53' lang='lat' dir='ltr'>ffigypqufess</span> 
     </span>
     <span class='ocr_line' id='line_1_10' title="bbox 104 1327 1401 1430; baseline -0.005 -17"><span class='ocrx_word' id='word_1_67' title='bbox 104 1349 168 1413; x_wconf 72' lang='lat'>4³3¹*</span> <span class='ocrx_word' id='word_1_68' title='bbox 202 1357 291 1411; x_wconf 82' lang='lat' dir='ltr'>tidem</span> <span class='ocrx_word' id='word_1_69' title='bbox 310 1354 421 1411; x_wconf 88' lang='lat' dir='ltr'>Christi</span> <span class='ocrx_word' id='word_1_70' title='bbox 445 1354 582 1412; x_wconf 87' lang='lat' dir='ltr'>docuerit</span> <span class='ocrx_word' id='word_1_71' title='bbox 601 1351 605 1430; x_wconf 75' lang='grc'>1</span> <span class='ocrx_word' id='word_1_72' title='bbox 627 1367 656 1410; x_wconf 93' lang='lat' dir='ltr'>et</span> <span class='ocrx_word' id='word_1_73' title='bbox 680 1353 812 1411; x_wconf 80' lang='lat' dir='ltr'>virtutes.</span> <span class='ocrx_word' id='word_1_74' title='bbox 839 1354 1016 1410; x_wconf 84' lang='lat' dir='ltr'>Declaratur</span> <span class='ocrx_word' id='word_1_75' title='bbox 1032 1352 1089 1410; x_wconf 87' lang='lat' dir='ltr'>ista</span> <span class='ocrx_word' id='word_1_76' title='bbox 1113 1327 1307 1424; x_wconf 69' lang='lat' dir='ltr'>con-precisiiy</span> <span class='ocrx_word' id='word_1_77' title='bbox 1323 1366 1401 1409; x_wconf 79' lang='lat' dir='ltr'>sorar</span> 
     </span>
     <span class='ocr_line' id='line_1_11' title="bbox 162 1419 1381 1517; baseline -0.003 -18"><span class='ocrx_word' id='word_1_78' title='bbox 162 1443 296 1499; x_wconf 87' lang='lat' dir='ltr'>¹0clusio</span> <span class='ocrx_word' id='word_1_79' title='bbox 321 1461 353 1499; x_wconf 87' lang='lat' dir='ltr'>ex</span> <span class='ocrx_word' id='word_1_80' title='bbox 378 1441 491 1516; x_wconf 89' lang='lat' dir='ltr'>duplici</span> <span class='ocrx_word' id='word_1_81' title='bbox 508 1440 682 1498; x_wconf 89' lang='lat' dir='ltr'>testimonio</span> <span class='ocrx_word' id='word_1_82' title='bbox 706 1454 942 1515; x_wconf 87' lang='lat' dir='ltr'>assumptorum,</span> <span class='ocrx_word' id='word_1_83' title='bbox 967 1439 1080 1497; x_wconf 93' lang='lat' dir='ltr'>scilicet</span> <span class='ocrx_word' id='word_1_84' title='bbox 1103 1440 1185 1514; x_wconf 93' lang='lat' dir='ltr'>quod</span> <span class='ocrx_word' id='word_1_85' title='bbox 1208 1419 1381 1517; x_wconf 49' lang='grc' dir='ltr'>ῗὴξξζῖζῐξξίξῖξ</span> 
     </span>
     <span class='ocr_line' id='line_1_12' title="bbox 200 1525 1380 1603; baseline -0.005 -17"><span class='ocrx_word' id='word_1_86' title='bbox 200 1529 378 1586; x_wconf 89' lang='lat' dir='ltr'>obediencia</span> <span class='ocrx_word' id='word_1_87' title='bbox 410 1544 498 1585; x_wconf 89' lang='lat' dir='ltr'>sonat</span> <span class='ocrx_word' id='word_1_88' title='bbox 531 1527 740 1603; x_wconf 88' lang='lat' dir='ltr'>principaliter</span> <span class='ocrx_word' id='word_1_89' title='bbox 772 1528 802 1584; x_wconf 93' lang='lat' dir='ltr'>in</span> <span class='ocrx_word' id='word_1_90' title='bbox 835 1528 889 1584; x_wconf 92' lang='lat' dir='ltr'>Dei</span> <span class='ocrx_word' id='word_1_91' title='bbox 922 1527 1079 1602; x_wconf 88' lang='lat' dir='ltr'>proposito</span> <span class='ocrx_word' id='word_1_92' title='bbox 1103 1526 1184 1583; x_wconf 87' lang='lat' dir='ltr'>iuxta</span> <span class='ocrx_word' id='word_1_93' title='bbox 1208 1526 1253 1569; x_wconf 63' lang='lat'>³¹¹⁶</span> <span class='ocrx_word' id='word_1_94' title='bbox 1273 1525 1380 1580; x_wconf 78' lang='lat' dir='ltr'>practice.</span> 
     </span>
     <span class='ocr_line' id='line_1_13' title="bbox 201 1614 1184 1686; baseline -0.001 -15"><span class='ocrx_word' id='word_1_95' title='bbox 201 1617 274 1673; x_wconf 92' lang='lat' dir='ltr'>illud</span> <span class='ocrx_word' id='word_1_96' title='bbox 289 1619 379 1673; x_wconf 84' lang='lat' dir='ltr'>losue</span> <span class='ocrx_word' id='word_1_97' title='bbox 401 1617 436 1686; x_wconf 88' lang='grc' dir='ltr'>Χ,</span> <span class='ocrx_word' id='word_1_98' title='bbox 467 1634 517 1686; x_wconf 84' lang='lat'>14:</span> <span class='ocrx_word' id='word_1_99' title='bbox 547 1616 702 1672; x_wconf 83' lang='lat' dir='ltr'>Obedierrte</span> <span class='ocrx_word' id='word_1_100' title='bbox 726 1615 790 1672; x_wconf 88' lang='lat' dir='ltr'>Deo</span> <span class='ocrx_word' id='word_1_101' title='bbox 808 1616 871 1672; x_wconf 77' lang='lat' dir='ltr'>roci</span> <span class='ocrx_word' id='word_1_102' title='bbox 892 1615 1033 1684; x_wconf 85' lang='lat' dir='ltr'>hominis,·</span> <span class='ocrx_word' id='word_1_103' title='bbox 1054 1614 1123 1671; x_wconf 89' lang='lat' dir='ltr'>ideo</span> <span class='ocrx_word' id='word_1_104' title='bbox 1147 1615 1184 1669; x_wconf 90' lang='lat' dir='ltr'>de</span> 
     </span>
     <span class='ocr_line' id='line_1_14' title="bbox 201 1701 1183 1772; baseline -0.001 -13"><span class='ocrx_word' id='word_1_105' title='bbox 201 1718 286 1760; x_wconf 88' lang='lat' dir='ltr'>tanto</span> <span class='ocrx_word' id='word_1_106' title='bbox 310 1702 433 1761; x_wconf 90' lang='lat' dir='ltr'>obedire</span> <span class='ocrx_word' id='word_1_107' title='bbox 457 1705 545 1759; x_wconf 90' lang='lat' dir='ltr'>debet</span> <span class='ocrx_word' id='word_1_108' title='bbox 569 1702 736 1759; x_wconf 87' lang='lat' dir='ltr'>catholicus</span> <span class='ocrx_word' id='word_1_109' title='bbox 752 1702 848 1760; x_wconf 87' lang='lat' dir='ltr'>eciam</span> <span class='ocrx_word' id='word_1_110' title='bbox 873 1703 995 1759; x_wconf 89' lang='lat' dir='ltr'>diabolo</span> <span class='ocrx_word' id='word_1_111' title='bbox 1011 1701 1183 1772; x_wconf 78' lang='lat' dir='ltr'>incarnat03</span> 
     </span>
     <span class='ocr_line' id='line_1_15' title="bbox 201 1788 1184 1866; baseline -0.002 -19"><span class='ocrx_word' id='word_1_112' title='bbox 201 1805 314 1847; x_wconf 88' lang='lat' dir='ltr'>etcum</span> <span class='ocrx_word' id='word_1_113' title='bbox 340 1791 414 1848; x_wconf 90' lang='lat' dir='ltr'>tales</span> <span class='ocrx_word' id='word_1_114' title='bbox 431 1788 538 1864; x_wconf 88' lang='lat' dir='ltr'>prelati</span> <span class='ocrx_word' id='word_1_115' title='bbox 557 1789 675 1866; x_wconf 86' lang='lat' dir='ltr'>cesarii,</span> <span class='ocrx_word' id='word_1_116' title='bbox 698 1789 768 1847; x_wconf 93' lang='lat' dir='ltr'>licet</span> <span class='ocrx_word' id='word_1_117' title='bbox 792 1789 938 1847; x_wconf 90' lang='lat' dir='ltr'>indirecte</span> <span class='ocrx_word' id='word_1_118' title='bbox 955 1789 1070 1847; x_wconf 85' lang='lat' dir='ltr'>faciunt</span> <span class='ocrx_word' id='word_1_119' title='bbox 1088 1789 1184 1845; x_wconf 89' lang='lat' dir='ltr'>multa</span> 
     </span>
     <span class='ocr_line' id='line_1_16' title="bbox 162 1875 1183 1949; baseline -0.002 -15"><span class='ocrx_word' id='word_1_120' title='bbox 162 1875 188 1922; x_wconf 74' lang='lat'>¹5</span> <span class='ocrx_word' id='word_1_121' title='bbox 201 1881 289 1947; x_wconf 88' lang='lat' dir='ltr'>bona,</span> <span class='ocrx_word' id='word_1_122' title='bbox 305 1879 378 1935; x_wconf 71' lang='lat' dir='ltr'>sicut</span> <span class='ocrx_word' id='word_1_123' title='bbox 393 1879 518 1934; x_wconf 82' lang='lat' dir='ltr'>iumenta</span> <span class='ocrx_word' id='word_1_124' title='bbox 535 1878 638 1933; x_wconf 82' lang='lat' dir='ltr'>docent</span> <span class='ocrx_word' id='word_1_125' title='bbox 654 1878 792 1948; x_wconf 76' lang='lat' dir='ltr'>homines,</span> <span class='ocrx_word' id='word_1_126' title='bbox 816 1891 848 1934; x_wconf 90' lang='lat' dir='ltr'>ut</span> <span class='ocrx_word' id='word_1_127' title='bbox 866 1876 976 1934; x_wconf 91' lang='lat' dir='ltr'>dicitur</span> <span class='ocrx_word' id='word_1_128' title='bbox 995 1879 1051 1933; x_wconf 85' lang='lat' dir='ltr'>lob</span> <span class='ocrx_word' id='word_1_129' title='bbox 1074 1878 1136 1948; x_wconf 86' lang='grc' dir='ltr'>ΧΗ,</span> <span class='ocrx_word' id='word_1_130' title='bbox 1155 1895 1183 1949; x_wconf 88' lang='lat'>7,</span> 
     </span>
     <span class='ocr_line' id='line_1_17' title="bbox 201 1963 1181 2039; baseline -0.005 -16"><span class='ocrx_word' id='word_1_131' title='bbox 201 1981 229 2023; x_wconf 90' lang='lat' dir='ltr'>et</span> <span class='ocrx_word' id='word_1_132' title='bbox 262 1965 374 2022; x_wconf 91' lang='lat' dir='ltr'>diaboli</span> <span class='ocrx_word' id='word_1_133' title='bbox 408 1978 534 2039; x_wconf 89' lang='lat' dir='ltr'>prosunt</span> <span class='ocrx_word' id='word_1_134' title='bbox 566 1963 691 2021; x_wconf 88' lang='lat' dir='ltr'>ecclesie</span> <span class='ocrx_word' id='word_1_135' title='bbox 723 1964 878 2034; x_wconf 88' lang='lat' dir='ltr'>indirecte,</span> <span class='ocrx_word' id='word_1_136' title='bbox 912 1977 994 2038; x_wconf 89' lang='lat' dir='ltr'>patet</span> <span class='ocrx_word' id='word_1_137' title='bbox 1018 1963 1181 2020; x_wconf 88' lang='lat' dir='ltr'>conclusio.</span> 
     </span>
     <span class='ocr_line' id='line_1_18' title="bbox 201 2050 1184 2124; baseline -0.003 -14"><span class='ocrx_word' id='word_1_138' title='bbox 201 2056 290 2124; x_wconf 93' lang='lat' dir='ltr'>Quod</span> <span class='ocrx_word' id='word_1_139' title='bbox 323 2066 424 2110; x_wconf 90' lang='lat' dir='ltr'>autem</span> <span class='ocrx_word' id='word_1_140' title='bbox 457 2071 517 2109; x_wconf 91' lang='lat' dir='ltr'>non</span> <span class='ocrx_word' id='word_1_141' title='bbox 555 2051 758 2109; x_wconf 91' lang='lat' dir='ltr'>obediendum</span> <span class='ocrx_word' id='word_1_142' title='bbox 792 2065 835 2108; x_wconf 90' lang='lat' dir='ltr'>est</span> <span class='ocrx_word' id='word_1_143' title='bbox 868 2051 926 2107; x_wconf 94' lang='lat' dir='ltr'>illis</span> <span class='ocrx_word' id='word_1_144' title='bbox 960 2050 1109 2108; x_wconf 89' lang='lat' dir='ltr'>imitando</span> <span class='ocrx_word' id='word_1_145' title='bbox 1138 2052 1184 2107; x_wconf 91' lang='lat' dir='ltr'>vel</span> 
     </span>
     <span class='ocr_line' id='line_1_19' title="bbox 202 2138 1184 2215; baseline -0.003 -18"><span class='ocrx_word' id='word_1_146' title='bbox 202 2141 340 2198; x_wconf 86' lang='lat' dir='ltr'>faciendo</span> <span class='ocrx_word' id='word_1_147' title='bbox 364 2141 445 2215; x_wconf 88' lang='lat' dir='ltr'>quod</span> <span class='ocrx_word' id='word_1_148' title='bbox 477 2141 621 2196; x_wconf 89' lang='lat' dir='ltr'>mandant</span> <span class='ocrx_word' id='word_1_149' title='bbox 654 2139 820 2195; x_wconf 90' lang='lat' dir='ltr'>secundum</span> <span class='ocrx_word' id='word_1_150' title='bbox 850 2138 1004 2195; x_wconf 86' lang='lat' dir='ltr'>racionem</span> <span class='ocrx_word' id='word_1_151' title='bbox 1029 2140 1097 2212; x_wconf 91' lang='lat' dir='ltr'>plus</span> <span class='ocrx_word' id='word_1_152' title='bbox 1120 2157 1184 2194; x_wconf 90' lang='lat' dir='ltr'>am·</span> 
     </span>
     <span class='ocr_line' id='line_1_20' title="bbox 202 2225 1184 2303; baseline -0.003 -19"><span class='ocrx_word' id='word_1_153' title='bbox 202 2229 294 2303; x_wconf 89' lang='lat' dir='ltr'>plam,</span> <span class='ocrx_word' id='word_1_154' title='bbox 333 2240 415 2302; x_wconf 92' lang='lat' dir='ltr'>patet</span> <span class='ocrx_word' id='word_1_155' title='bbox 450 2245 483 2284; x_wconf 90' lang='lat' dir='ltr'>ex</span> <span class='ocrx_word' id='word_1_156' title='bbox 521 2228 578 2284; x_wconf 91' lang='lat' dir='ltr'>hoc</span> <span class='ocrx_word' id='word_1_157' title='bbox 616 2228 698 2300; x_wconf 94' lang='lat' dir='ltr'>quod</span> <span class='ocrx_word' id='word_1_158' title='bbox 737 2239 809 2282; x_wconf 90' lang='lat' dir='ltr'>tunc</span> <span class='ocrx_word' id='word_1_159' title='bbox 842 2226 1030 2300; x_wconf 90' lang='lat' dir='ltr'>relinquetur</span> <span class='ocrx_word' id='word_1_160' title='bbox 1061 2225 1184 2299; x_wconf 90' lang='lat' dir='ltr'>sequela</span> 
     </span>
     <span class='ocr_line' id='line_1_21' title="bbox 159 2311 1183 2388; baseline -0.003 -17"><span class='ocrx_word' id='word_1_161' title='bbox 159 2325 190 2358; x_wconf 81' lang='lat'>20</span> <span class='ocrx_word' id='word_1_162' title='bbox 202 2314 313 2372; x_wconf 90' lang='lat' dir='ltr'>Christi</span> <span class='ocrx_word' id='word_1_163' title='bbox 338 2329 365 2372; x_wconf 90' lang='lat' dir='ltr'>et</span> <span class='ocrx_word' id='word_1_164' title='bbox 389 2317 480 2371; x_wconf 92' lang='lat' dir='ltr'>homo</span> <span class='ocrx_word' id='word_1_165' title='bbox 508 2327 648 2388; x_wconf 87' lang='lat' dir='ltr'>peccaret</span> <span class='ocrx_word' id='word_1_166' title='bbox 671 2315 825 2387; x_wconf 91' lang='lat' dir='ltr'>sequendo</span> <span class='ocrx_word' id='word_1_167' title='bbox 848 2311 974 2386; x_wconf 84' lang='lat' dir='ltr'>vestigia</span> <span class='ocrx_word' id='word_1_168' title='bbox 997 2311 1183 2369; x_wconf 79' lang='lat' dir='ltr'>Antichristi.</span> 
     </span>
     <span class='ocr_line' id='line_1_22' title="bbox 203 2399 1183 2476; baseline -0.005 -17"><span class='ocrx_word' id='word_1_169' title='bbox 203 2405 271 2459; x_wconf 89' lang='lat' dir='ltr'>ldeo</span> <span class='ocrx_word' id='word_1_170' title='bbox 295 2415 467 2476; x_wconf 90' lang='lat' dir='ltr'>suspectum</span> <span class='ocrx_word' id='word_1_171' title='bbox 500 2414 545 2458; x_wconf 91' lang='lat' dir='ltr'>est</span> <span class='ocrx_word' id='word_1_172' title='bbox 574 2402 656 2475; x_wconf 93' lang='lat' dir='ltr'>quod</span> <span class='ocrx_word' id='word_1_173' title='bbox 689 2413 864 2475; x_wconf 89' lang='lat' dir='ltr'>contempta</span> <span class='ocrx_word' id='word_1_174' title='bbox 897 2401 961 2474; x_wconf 85' lang='lat' dir='ltr'>lege</span> <span class='ocrx_word' id='word_1_175' title='bbox 986 2399 1106 2457; x_wconf 89' lang='lat' dir='ltr'>Domini</span> <span class='ocrx_word' id='word_1_176' title='bbox 1138 2400 1183 2456; x_wconf 84' lang='lat' dir='ltr'>lex</span> 
     </span>
     <span class='ocr_line' id='line_1_23' title="bbox 201 2487 1184 2546; baseline -0.004 0"><span class='ocrx_word' id='word_1_177' title='bbox 201 2509 277 2546; x_wconf 83' lang='lat' dir='ltr'>nora</span> <span class='ocrx_word' id='word_1_178' title='bbox 303 2491 446 2546; x_wconf 88' lang='lat' dir='ltr'>mandata</span> <span class='ocrx_word' id='word_1_179' title='bbox 469 2507 546 2546; x_wconf 82' lang='lat' dir='ltr'>nova</span> <span class='ocrx_word' id='word_1_180' title='bbox 570 2502 598 2545; x_wconf 92' lang='lat' dir='ltr'>et</span> <span class='ocrx_word' id='word_1_181' title='bbox 621 2501 811 2545; x_wconf 87' lang='lat' dir='ltr'>sacramenta</span> <span class='ocrx_word' id='word_1_182' title='bbox 839 2506 915 2545; x_wconf 85' lang='lat' dir='ltr'>nova</span> <span class='ocrx_word' id='word_1_183' title='bbox 944 2501 1013 2544; x_wconf 88' lang='lat' dir='ltr'>sunt</span> <span class='ocrx_word' id='word_1_184' title='bbox 1037 2487 1067 2543; x_wconf 93' lang='lat' dir='ltr'>in</span> <span class='ocrx_word' id='word_1_185' title='bbox 1092 2487 1184 2543; x_wconf 90' lang='lat' dir='ltr'>eccle·</span> 
     </span>
     <span class='ocr_line' id='line_1_24' title="bbox 200 2576 481 2633; baseline -0.004 0"><span class='ocrx_word' id='word_1_186' title='bbox 200 2577 274 2633; x_wconf 89' lang='lat' dir='ltr'>siam</span> <span class='ocrx_word' id='word_1_187' title='bbox 300 2576 481 2633; x_wconf 89' lang='lat' dir='ltr'>introducta.</span> 
     </span>
     <span class='ocr_line' id='line_1_25' title="bbox 243 2661 1344 2738; baseline -0.002 -18"><span class='ocrx_word' id='word_1_188' title='bbox 243 2665 330 2720; x_wconf 93' lang='lat' dir='ltr'>Unde</span> <span class='ocrx_word' id='word_1_189' title='bbox 356 2663 443 2720; x_wconf 85' lang='lat' dir='ltr'>ficcio</span> <span class='ocrx_word' id='word_1_190' title='bbox 470 2677 513 2720; x_wconf 90' lang='lat' dir='ltr'>est</span> <span class='ocrx_word' id='word_1_191' title='bbox 543 2661 749 2719; x_wconf 85' lang='lat' dir='ltr'>antichristiva</span> <span class='ocrx_word' id='word_1_192' title='bbox 774 2664 853 2738; x_wconf 92' lang='lat' dir='ltr'>quod</span> <span class='ocrx_word' id='word_1_193' title='bbox 889 2661 975 2718; x_wconf 89' lang='lat' dir='ltr'>aliter</span> <span class='ocrx_word' id='word_1_194' title='bbox 1001 2679 1063 2718; x_wconf 92' lang='lat' dir='ltr'>non</span> <span class='ocrx_word' id='word_1_195' title='bbox 1095 2661 1185 2717; x_wconf 90' lang='lat' dir='ltr'>babe-</span> <span class='ocrx_word' id='word_1_196' title='bbox 1248 2677 1344 2737; x_wconf 66' lang='lat' dir='ltr'>nisan</span> 
     </span>
     <span class='ocr_line' id='line_1_26' title="bbox 160 2731 1371 2825; baseline 0 -21"><span class='ocrx_word' id='word_1_197' title='bbox 160 2756 188 2804; x_wconf 79' lang='lat'>25</span> <span class='ocrx_word' id='word_1_198' title='bbox 202 2769 301 2807; x_wconf 88' lang='lat' dir='ltr'>remus</span> <span class='ocrx_word' id='word_1_199' title='bbox 324 2751 505 2822; x_wconf 78' lang='lat' dir='ltr'>sacerdotes,</span> <span class='ocrx_word' id='word_1_200' title='bbox 539 2749 697 2824; x_wconf 91' lang='lat' dir='ltr'>episcopos</span> <span class='ocrx_word' id='word_1_201' title='bbox 726 2762 754 2806; x_wconf 89' lang='lat' dir='ltr'>et</span> <span class='ocrx_word' id='word_1_202' title='bbox 778 2748 962 2823; x_wconf 88' lang='lat' dir='ltr'>episcopalia</span> <span class='ocrx_word' id='word_1_203' title='bbox 985 2761 1185 2805; x_wconf 87' lang='lat' dir='ltr'>sacramenta.</span> <span class='ocrx_word' id='word_1_204' title='bbox 1227 2731 1371 2825; x_wconf 50' lang='grc' dir='ltr'>ιῇζξιᾞεξίᾟζ</span> 
     </span>
     <span class='ocr_line' id='line_1_27' title="bbox 202 2832 1395 2930; baseline -0.003 -37"><span class='ocrx_word' id='word_1_205' title='bbox 202 2837 282 2907; x_wconf 85' lang='lat' dir='ltr'>Quid</span> <span class='ocrx_word' id='word_1_206' title='bbox 321 2856 394 2911; x_wconf 86' lang='lat' dir='ltr'>rogo</span> <span class='ocrx_word' id='word_1_207' title='bbox 433 2840 554 2911; x_wconf 88' lang='lat' dir='ltr'>prodest</span> <span class='ocrx_word' id='word_1_208' title='bbox 584 2836 711 2893; x_wconf 88' lang='lat' dir='ltr'>ecclesie</span> <span class='ocrx_word' id='word_1_209' title='bbox 742 2836 891 2893; x_wconf 89' lang='lat' dir='ltr'>veniendo</span> <span class='ocrx_word' id='word_1_210' title='bbox 923 2838 961 2893; x_wconf 90' lang='lat' dir='ltr'>ad</span> <span class='ocrx_word' id='word_1_211' title='bbox 997 2835 1126 2910; x_wconf 91' lang='lat' dir='ltr'>patriam</span> <span class='ocrx_word' id='word_1_212' title='bbox 1157 2847 1186 2891; x_wconf 89' lang='lat' dir='ltr'>et</span> <span class='ocrx_word' id='word_1_213' title='bbox 1205 2832 1395 2930; x_wconf 36' lang='lat' dir='ltr'>&amp;teitlggffidllfflc</span> 
     </span>
     <span class='ocr_line' id='line_1_28' title="bbox 201 2922 1396 2998; baseline -0.003 -18"><span class='ocrx_word' id='word_1_214' title='bbox 201 2926 348 2981; x_wconf 88' lang='lat' dir='ltr'>servando</span> <span class='ocrx_word' id='word_1_215' title='bbox 384 2925 473 2981; x_wconf 88' lang='lat' dir='ltr'>fidem</span> <span class='ocrx_word' id='word_1_216' title='bbox 499 2922 692 2994; x_wconf 85' lang='lat' dir='ltr'>catholicam,</span> <span class='ocrx_word' id='word_1_217' title='bbox 721 2926 803 2998; x_wconf 92' lang='lat' dir='ltr'>quod</span> <span class='ocrx_word' id='word_1_218' title='bbox 832 2923 958 2980; x_wconf 88' lang='lat' dir='ltr'>ecclesia</span> <span class='ocrx_word' id='word_1_219' title='bbox 982 2924 1071 2980; x_wconf 90' lang='lat' dir='ltr'>habet</span> <span class='ocrx_word' id='word_1_220' title='bbox 1093 2940 1396 2983; x_wconf 78' lang='lat' dir='ltr'>novasnosacramems.</span> 
     </span>
     <span class='ocr_line' id='line_1_29' title="bbox 201 3009 1186 3069; baseline -0.002 -2"><span class='ocrx_word' id='word_1_221' title='bbox 201 3011 432 3069; x_wconf 89' lang='lat' dir='ltr'>consuetudines</span> <span class='ocrx_word' id='word_1_222' title='bbox 466 3010 688 3068; x_wconf 87' lang='lat' dir='ltr'>antichristivas</span> <span class='ocrx_word' id='word_1_223' title='bbox 720 3009 947 3067; x_wconf 88' lang='lat' dir='ltr'>infundabiliter</span> <span class='ocrx_word' id='word_1_224' title='bbox 979 3009 1186 3067; x_wconf 81' lang='lat' dir='ltr'>introductas?</span> 
     </span>
     <span class='ocr_line' id='line_1_30' title="bbox 202 3088 1183 3172; baseline -0.001 -18"><span class='ocrx_word' id='word_1_225' title='bbox 202 3101 392 3172; x_wconf 85' lang='lat' dir='ltr'>Quandoque</span> <span class='ocrx_word' id='word_1_226' title='bbox 408 3098 487 3155; x_wconf 89' lang='lat' dir='ltr'>enim</span> <span class='ocrx_word' id='word_1_227' title='bbox 506 3099 561 3155; x_wconf 88' lang='lat' dir='ltr'>fuit</span> <span class='ocrx_word' id='word_1_228' title='bbox 585 3099 615 3154; x_wconf 93' lang='lat' dir='ltr'>in</span> <span class='ocrx_word' id='word_1_229' title='bbox 640 3097 699 3154; x_wconf 89' lang='lat' dir='ltr'>lide</span> <span class='ocrx_word' id='word_1_230' title='bbox 715 3088 826 3154; x_wconf 85' lang='lat' dir='ltr'>Christi</span> <span class='ocrx_word' id='word_1_231' title='bbox 850 3111 934 3155; x_wconf 91' lang='lat' dir='ltr'>tanta</span> <span class='ocrx_word' id='word_1_232' title='bbox 950 3097 1078 3155; x_wconf 84' lang='lat' dir='ltr'>facilitas</span> <span class='ocrx_word' id='word_1_233' title='bbox 1103 3099 1183 3172; x_wconf 91' lang='lat' dir='ltr'>quod</span> 
     </span>
     <span class='ocr_line' id='line_1_31' title="bbox 159 3183 1184 3242; baseline -0.001 -1"><span class='ocrx_word' id='word_1_234' title='bbox 159 3188 293 3242; x_wconf 78' lang='lat' dir='ltr'>3oh0mo</span> <span class='ocrx_word' id='word_1_235' title='bbox 315 3187 454 3242; x_wconf 91' lang='lat' dir='ltr'>habendo</span> <span class='ocrx_word' id='word_1_236' title='bbox 476 3185 564 3242; x_wconf 78' lang='lat' dir='ltr'>fidem</span> <span class='ocrx_word' id='word_1_237' title='bbox 591 3186 751 3242; x_wconf 82' lang='lat' dir='ltr'>formatam</span> <span class='ocrx_word' id='word_1_238' title='bbox 776 3185 822 3241; x_wconf 83' lang='lat' dir='ltr'>vel</span> <span class='ocrx_word' id='word_1_239' title='bbox 845 3188 993 3242; x_wconf 85' lang='lat' dir='ltr'>servando</span> <span class='ocrx_word' id='word_1_240' title='bbox 1010 3183 1124 3241; x_wconf 88' lang='lat' dir='ltr'>veniret</span> <span class='ocrx_word' id='word_1_241' title='bbox 1147 3186 1184 3241; x_wconf 88' lang='lat' dir='ltr'>ad</span> 
     </span>
     <span class='ocr_line' id='line_1_32' title="bbox 201 3272 1183 3347; baseline -0.003 -18"><span class='ocrx_word' id='word_1_242' title='bbox 201 3273 341 3346; x_wconf 87' lang='lat' dir='ltr'>patriam,</span> <span class='ocrx_word' id='word_1_243' title='bbox 366 3287 398 3329; x_wconf 92' lang='lat' dir='ltr'>ut</span> <span class='ocrx_word' id='word_1_244' title='bbox 424 3287 505 3347; x_wconf 90' lang='lat' dir='ltr'>patet</span> <span class='ocrx_word' id='word_1_245' title='bbox 528 3272 622 3329; x_wconf 88' lang='lat' dir='ltr'>Marci</span> <span class='ocrx_word' id='word_1_246' title='bbox 648 3272 769 3329; x_wconf 89' lang='lat' dir='ltr'>ultimo:</span> <span class='ocrx_word' id='word_1_247' title='bbox 804 3273 862 3340; x_wconf 84' lang='lat' dir='ltr'>Qui</span> <span class='ocrx_word' id='word_1_248' title='bbox 883 3273 1041 3328; x_wconf 81' lang='lat' dir='ltr'>crediderit</span> <span class='ocrx_word' id='word_1_249' title='bbox 1064 3284 1091 3327; x_wconf 89' lang='lat' dir='ltr'>et</span> <span class='ocrx_word' id='word_1_250' title='bbox 1114 3272 1183 3347; x_wconf 85' lang='lat' dir='ltr'>bap-</span> 
     </span>
     <span class='ocr_line' id='line_1_33' title="bbox 200 3358 1183 3439; baseline -0.002 -23"><span class='ocrx_word' id='word_1_251' title='bbox 200 3361 307 3439; x_wconf 49' lang='lat' dir='ltr'>tizatus</span> <span class='ocrx_word' id='word_1_252' title='bbox 322 3361 420 3436; x_wconf 87' lang='lat' dir='ltr'>suerit</span> <span class='ocrx_word' id='word_1_253' title='bbox 452 3361 552 3416; x_wconf 83' lang='lat' dir='ltr'>salvus</span> <span class='ocrx_word' id='word_1_254' title='bbox 575 3360 640 3430; x_wconf 86' lang='lat' dir='ltr'>erit,</span> <span class='ocrx_word' id='word_1_255' title='bbox 673 3373 702 3416; x_wconf 89' lang='lat' dir='ltr'>et</span> <span class='ocrx_word' id='word_1_256' title='bbox 726 3358 852 3415; x_wconf 88' lang='lat' dir='ltr'>Matthei</span> <span class='ocrx_word' id='word_1_257' title='bbox 875 3360 941 3415; x_wconf 91' lang='lat' dir='ltr'>XlX</span> <span class='ocrx_word' id='word_1_258' title='bbox 974 3358 1017 3415; x_wconf 91' lang='lat' dir='ltr'>sic</span> <span class='ocrx_word' id='word_1_259' title='bbox 1042 3360 1183 3415; x_wconf 90' lang='lat' dir='ltr'>habetur:</span> 
     </span>
     <span class='ocr_line' id='line_1_34' title="bbox 202 3443 1187 3523; baseline -0.001 -22"><span class='ocrx_word' id='word_1_260' title='bbox 202 3447 276 3503; x_wconf 82' lang='lat' dir='ltr'>Ecce</span> <span class='ocrx_word' id='word_1_261' title='bbox 299 3466 371 3504; x_wconf 83' lang='lat' dir='ltr'>tritus</span> <span class='ocrx_word' id='word_1_262' title='bbox 390 3449 530 3504; x_wconf 83' lang='lat' dir='ltr'>accedens</span> <span class='ocrx_word' id='word_1_263' title='bbox 549 3447 624 3503; x_wconf 85' lang='lat' dir='ltr'>dixit</span> <span class='ocrx_word' id='word_1_264' title='bbox 644 3443 729 3503; x_wconf 86' lang='lat' dir='ltr'>Jesrr:</span> <span class='ocrx_word' id='word_1_265' title='bbox 749 3446 898 3523; x_wconf 82' lang='lat' dir='ltr'>Magister</span> <span class='ocrx_word' id='word_1_266' title='bbox 918 3447 998 3516; x_wconf 86' lang='lat' dir='ltr'>bone,</span> <span class='ocrx_word' id='word_1_267' title='bbox 1027 3446 1096 3520; x_wconf 83' lang='lat' dir='ltr'>quid</span> <span class='ocrx_word' id='word_1_268' title='bbox 1119 3446 1187 3501; x_wconf 82' lang='lat' dir='ltr'>boni</span> 
     </span>
     <span class='ocr_line' id='line_1_35' title="bbox 193 3532 1185 3609; baseline -0.002 -20"><span class='ocrx_word' id='word_1_269' title='bbox 193 3535 309 3609; x_wconf 79' lang='lat' dir='ltr'>suriam</span> <span class='ocrx_word' id='word_1_270' title='bbox 344 3548 374 3590; x_wconf 85' lang='lat' dir='ltr'>ut</span> <span class='ocrx_word' id='word_1_271' title='bbox 406 3536 527 3590; x_wconf 81' lang='lat' dir='ltr'>habeam</span> <span class='ocrx_word' id='word_1_272' title='bbox 562 3535 647 3589; x_wconf 80' lang='lat' dir='ltr'>ritum</span> <span class='ocrx_word' id='word_1_273' title='bbox 672 3547 812 3590; x_wconf 83' lang='lat' dir='ltr'>eternam.</span> <span class='ocrx_word' id='word_1_274' title='bbox 846 3533 904 3601; x_wconf 87' lang='lat' dir='ltr'>Qui</span> <span class='ocrx_word' id='word_1_275' title='bbox 926 3533 1002 3588; x_wconf 85' lang='lat' dir='ltr'>dixit</span> <span class='ocrx_word' id='word_1_276' title='bbox 1025 3534 1064 3588; x_wconf 87' lang='lat' dir='ltr'>ei:</span> <span class='ocrx_word' id='word_1_277' title='bbox 1107 3532 1185 3600; x_wconf 86' lang='lat' dir='ltr'>Quid</span> 
     </span>
     <span class='ocr_line' id='line_1_36' title="bbox 158 3619 1183 3699; baseline -0.004 -20"><span class='ocrx_word' id='word_1_278' title='bbox 158 3627 246 3679; x_wconf 70' lang='lat' dir='ltr'>lime</span> <span class='ocrx_word' id='word_1_279' title='bbox 261 3622 430 3699; x_wconf 78' lang='lat' dir='ltr'>interrogas</span> <span class='ocrx_word' id='word_1_280' title='bbox 454 3623 488 3677; x_wconf 89' lang='lat' dir='ltr'>de</span> <span class='ocrx_word' id='word_1_281' title='bbox 512 3621 608 3677; x_wconf 79' lang='lat' dir='ltr'>bono?</span> <span class='ocrx_word' id='word_1_282' title='bbox 634 3622 712 3677; x_wconf 82' lang='lat' dir='ltr'>l&#39;rrrrs</span> <span class='ocrx_word' id='word_1_283' title='bbox 729 3632 771 3676; x_wconf 89' lang='lat' dir='ltr'>est</span> <span class='ocrx_word' id='word_1_284' title='bbox 796 3621 895 3689; x_wconf 75' lang='lat' dir='ltr'>burrus,</span> <span class='ocrx_word' id='word_1_285' title='bbox 921 3619 1009 3679; x_wconf 87' lang='lat' dir='ltr'>Deus.</span> <span class='ocrx_word' id='word_1_286' title='bbox 1034 3619 1066 3674; x_wconf 90' lang='lat' dir='ltr'>Si</span> <span class='ocrx_word' id='word_1_287' title='bbox 1088 3630 1183 3675; x_wconf 75' lang='lat' dir='ltr'>cirtem</span> 
     </span>
     <span class='ocr_line' id='line_1_37' title="bbox 201 3705 1182 3785; baseline 0 -23"><span class='ocrx_word' id='word_1_288' title='bbox 201 3709 242 3763; x_wconf 82' lang='lat' dir='ltr'>vis</span> <span class='ocrx_word' id='word_1_289' title='bbox 265 3710 305 3764; x_wconf 84' lang='lat' dir='ltr'>ad</span> <span class='ocrx_word' id='word_1_290' title='bbox 328 3710 415 3764; x_wconf 80' lang='lat' dir='ltr'>vitum</span> <span class='ocrx_word' id='word_1_291' title='bbox 440 3709 566 3785; x_wconf 76' lang='lat' dir='ltr'>ingredi,</span> <span class='ocrx_word' id='word_1_292' title='bbox 593 3727 679 3764; x_wconf 81' lang='lat' dir='ltr'>serra</span> <span class='ocrx_word' id='word_1_293' title='bbox 712 3709 861 3763; x_wconf 78' lang='lat' dir='ltr'>nrarrdntu.</span> <span class='ocrx_word' id='word_1_294' title='bbox 908 3707 964 3764; x_wconf 90' lang='lat' dir='ltr'>Ubi</span> <span class='ocrx_word' id='word_1_295' title='bbox 991 3705 1182 3762; x_wconf 85' lang='lat' dir='ltr'>manifestum</span> 
     </span>
     <span class='ocr_line' id='line_1_38' title="bbox 200 3792 1184 3869; baseline 0 -19"><span class='ocrx_word' id='word_1_296' title='bbox 200 3809 242 3851; x_wconf 90' lang='lat' dir='ltr'>est</span> <span class='ocrx_word' id='word_1_297' title='bbox 267 3799 347 3869; x_wconf 90' lang='lat' dir='ltr'>quod</span> <span class='ocrx_word' id='word_1_298' title='bbox 373 3814 405 3851; x_wconf 86' lang='lat' dir='ltr'>err</span> <span class='ocrx_word' id='word_1_299' title='bbox 423 3795 607 3851; x_wconf 85' lang='lat' dir='ltr'>sufficiencia</span> <span class='ocrx_word' id='word_1_300' title='bbox 631 3795 768 3851; x_wconf 89' lang='lat' dir='ltr'>doctrine</span> <span class='ocrx_word' id='word_1_301' title='bbox 785 3794 906 3851; x_wconf 89' lang='lat' dir='ltr'>Domini</span> <span class='ocrx_word' id='word_1_302' title='bbox 931 3795 1012 3869; x_wconf 93' lang='lat' dir='ltr'>quod</span> <span class='ocrx_word' id='word_1_303' title='bbox 1036 3792 1184 3850; x_wconf 78' lang='lat' dir='ltr'>veniendo</span> 
     </span>
     <span class='ocr_line' id='line_1_39' title="bbox 200 3882 1184 3956; baseline 0.001 -19"><span class='ocrx_word' id='word_1_304' title='bbox 200 3883 236 3937; x_wconf 90' lang='lat' dir='ltr'>ad</span> <span class='ocrx_word' id='word_1_305' title='bbox 276 3882 405 3956; x_wconf 85' lang='lat' dir='ltr'>patriam</span> <span class='ocrx_word' id='word_1_306' title='bbox 445 3882 555 3938; x_wconf 88' lang='lat' dir='ltr'>suflicit</span> <span class='ocrx_word' id='word_1_307' title='bbox 594 3882 791 3939; x_wconf 85' lang='lat' dir='ltr'>observancia</span> <span class='ocrx_word' id='word_1_308' title='bbox 831 3885 1055 3938; x_wconf 84' lang='lat' dir='ltr'>mandatorum.</span> <span class='ocrx_word' id='word_1_309' title='bbox 1103 3883 1184 3956; x_wconf 84' lang='lat' dir='ltr'>Papa</span> 
     </span>
    </p>
   </div>
   <div class='ocr_carea' id='block_1_3' title="bbox 199 3969 1182 4043">
    <p class='ocr_par' dir='ltr' id='par_1_3' title="bbox 199 3969 1182 4043">
     <span class='ocr_line' id='line_1_40' title="bbox 199 3969 1182 4043; baseline 0 -19"><span class='ocrx_word' id='word_1_310' title='bbox 199 3982 300 4024; x_wconf 91' lang='lat' dir='ltr'>autem</span> <span class='ocrx_word' id='word_1_311' title='bbox 326 3970 414 4025; x_wconf 87' lang='lat' dir='ltr'>hodie</span> <span class='ocrx_word' id='word_1_312' title='bbox 438 3989 499 4025; x_wconf 93' lang='lat' dir='ltr'>non</span> <span class='ocrx_word' id='word_1_313' title='bbox 516 3969 606 4025; x_wconf 83' lang='lat' dir='ltr'>ferret</span> <span class='ocrx_word' id='word_1_314' title='bbox 630 3969 758 4042; x_wconf 83' lang='lat' dir='ltr'>graviter</span> <span class='ocrx_word' id='word_1_315' title='bbox 783 3971 864 4043; x_wconf 90' lang='lat' dir='ltr'>quod</span> <span class='ocrx_word' id='word_1_316' title='bbox 888 3982 1012 4042; x_wconf 92' lang='lat' dir='ltr'>propter</span> <span class='ocrx_word' id='word_1_317' title='bbox 1037 3970 1182 4024; x_wconf 90' lang='lat' dir='ltr'>honorem</span> 
     </span>
    </p>
   </div>
   <div class='ocr_carea' id='block_1_4' title="bbox 199 4272 1182 4381">
    <p class='ocr_par' dir='ltr' id='par_1_4' title="bbox 199 4272 1182 4381">
     <span class='ocr_line' id='line_1_41' title="bbox 250 4272 1182 4329; baseline 0.004 -14"><span class='ocrx_word' id='word_1_318' title='bbox 250 4285 270 4325; x_wconf 84' lang='lat'>7.</span> <span class='ocrx_word' id='word_1_319' title='bbox 285 4274 307 4315; x_wconf 83' lang='grc' dir='ltr'>Α</span> <span class='ocrx_word' id='word_1_320' title='bbox 323 4272 344 4315; x_wconf 90' lang='lat' dir='ltr'>in</span> <span class='ocrx_word' id='word_1_321' title='bbox 361 4284 446 4326; x_wconf 56' lang='lat' dir='ltr'>marre:</span> <span class='ocrx_word' id='word_1_322' title='bbox 470 4273 559 4328; x_wconf 80' lang='lat' dir='ltr'>erarra</span> <span class='ocrx_word' id='word_1_323' title='bbox 578 4274 710 4321; x_wconf 81' lang='lat' dir='ltr'>corclrr‹r·o‚·</span> <span class='ocrx_word' id='word_1_324' title='bbox 730 4274 760 4317; x_wconf 83' lang='lat' dir='ltr'>ib.</span> <span class='ocrx_word' id='word_1_325' title='bbox 777 4276 809 4316; x_wconf 77' lang='lat' dir='ltr'>A:</span> <span class='ocrx_word' id='word_1_326' title='bbox 825 4277 917 4328; x_wconf 81' lang='lat' dir='ltr'>quarto.</span> <span class='ocrx_word' id='word_1_327' title='bbox 999 4274 1030 4317; x_wconf 80' lang='lat'>25.</span> <span class='ocrx_word' id='word_1_328' title='bbox 1046 4276 1079 4317; x_wconf 79' lang='lat' dir='ltr'>A:</span> <span class='ocrx_word' id='word_1_329' title='bbox 1095 4280 1182 4329; x_wconf 71' lang='lat' dir='ltr'>tempo·</span> 
     </span>
     <span class='ocr_line' id='line_1_42' title="bbox 199 4324 1144 4381; baseline 0.006 -18"><span class='ocrx_word' id='word_1_330' title='bbox 199 4325 261 4366; x_wconf 79' lang='lat' dir='ltr'>ralia</span> <span class='ocrx_word' id='word_1_331' title='bbox 275 4329 429 4367; x_wconf 81' lang='lat' dir='ltr'>sacramenta.</span> <span class='ocrx_word' id='word_1_332' title='bbox 497 4337 533 4380; x_wconf 80' lang='lat'>29.</span> <span class='ocrx_word' id='word_1_333' title='bbox 548 4327 582 4367; x_wconf 81' lang='lat' dir='ltr'>A:</span> <span class='ocrx_word' id='word_1_334' title='bbox 600 4325 700 4380; x_wconf 82' lang='lat' dir='ltr'>Quando</span> <span class='ocrx_word' id='word_1_335' title='bbox 714 4328 782 4369; x_wconf 77' lang='lat' dir='ltr'>enlm.</span> <span class='ocrx_word' id='word_1_336' title='bbox 862 4324 898 4378; x_wconf 78' lang='lat'>34,</span> <span class='ocrx_word' id='word_1_337' title='bbox 913 4325 944 4368; x_wconf 80' lang='lat'>35.</span> <span class='ocrx_word' id='word_1_338' title='bbox 960 4329 993 4370; x_wconf 86' lang='lat' dir='ltr'>A:</span> <span class='ocrx_word' id='word_1_339' title='bbox 1010 4327 1066 4381; x_wconf 77' lang='lat' dir='ltr'>quid</span> <span class='ocrx_word' id='word_1_340' title='bbox 1079 4327 1144 4369; x_wconf 77' lang='lat' dir='ltr'>botre.</span> 
     </span>
    </p>
   </div>
   <div class='ocr_carea' id='block_1_5' title="bbox 250 4431 985 4499">
    <p class='ocr_par' dir='ltr' id='par_1_5' title="bbox 250 4431 985 4499">
     <span class='ocr_line' id='line_1_43' title="bbox 250 4431 985 4499; baseline 0.003 -17"><span class='ocrx_word' id='word_1_341' title='bbox 250 4432 289 4482; x_wconf 84' lang='lat'>31.</span> <span class='ocrx_word' id='word_1_342' title='bbox 309 4432 387 4482; x_wconf 87' lang='lat' dir='ltr'>Marci</span> <span class='ocrx_word' id='word_1_343' title='bbox 406 4433 473 4495; x_wconf 82' lang='lat' dir='ltr'>xvi,</span> <span class='ocrx_word' id='word_1_344' title='bbox 496 4431 533 4483; x_wconf 83' lang='lat' dir='ltr'>ro.</span> <span class='ocrx_word' id='word_1_345' title='bbox 629 4434 669 4485; x_wconf 82' lang='lat'>32.</span> <span class='ocrx_word' id='word_1_346' title='bbox 688 4432 778 4482; x_wconf 84' lang='lat' dir='ltr'>Matth.</span> <span class='ocrx_word' id='word_1_347' title='bbox 797 4434 863 4495; x_wconf 82' lang='lat' dir='ltr'>XIX,</span> <span class='ocrx_word' id='word_1_348' title='bbox 886 4432 925 4496; x_wconf 80' lang='lat'>16,</span> <span class='ocrx_word' id='word_1_349' title='bbox 948 4449 985 4499; x_wconf 75' lang='grc' dir='ltr'>η.</span> 
     </span>
    </p>
   </div>
   <div class='ocr_carea' id='block_1_6' title="bbox 0 0 1554 5130">
    <p class='ocr_par' dir='ltr' id='par_1_6' title="bbox 0 0 1554 5130">
     <span class='ocr_line' id='line_1_44' title="bbox 0 0 1554 5130; baseline 0 1"><span class='ocrx_word' id='word_1_350' title='bbox 0 0 1554 5130; x_wconf 95' lang='lat' dir='ltr'> </span> 
     </span>
    </p>
   </div>
  </div>
 </body>
</html>
