3098 5130
184 512 251 554 tjnt’.
268 506 347 574 [KV-i
467 518 510 567 DE
531 517 768 568 AN'slCHRlSTt)
789 519 852 567 ΗΒ.
872 519 888 566 l.
1327 525 1385 580 243

186 678 284 735 dicere
310 679 482 736 matutinas,
508 678 539 736 Si
564 679 643 735 enim
670 679 725 736 ista
742 680 894 737 surreccio
912 679 1036 754 antiqua
1061 680 1172 737 solidat
1202 692 1252 733 ‘tue
1268 692 1368 744 practice

186 766 329 822 continue
353 785 458 822 eorum
486 765 576 823 tidem
601 786 635 823 ac
660 767 854 824 devocionem
882 768 949 841 plus
979 787 1070 841 quarn
1096 786 1171 841 opus
1214 745 1358 838 ῡξζέῗκῖοξο

185 855 265 910 aliud
306 853 478 910 faciendum
514 854 661 927 regularis
695 855 782 911 huius
816 857 888 911 hore
920 854 1095 912 observacio
1129 869 1171 911 est
1226 849 1342 943 ffeissffl

186 943 347 997 inridenda.
386 943 445 997 Sed
471 955 589 998 constat
625 959 658 998 ex
683 960 786 998 eorum
821 941 881 998 vita
910 955 1001 1016 atque
1030 941 1172 1015 operibus
1339 932 1344 941 ’

161 1030 266 1102 §quod
302 1041 371 1084 sunt
410 1027 541 1102 amplius
566 1028 673 1086 ceteris
706 1029 922 1086 insecuritate
952 1028 1056 1085 mundi
1081 1042 1172 1103 atque

186 1115 438 1189 prosperitatibus
468 1116 653 1189 profundari.
678 1119 748 1173 ideo
772 1118 885 1172 bonurn
913 1130 989 1174 esset
1013 1116 1055 1172 eis
1080 1118 1172 1173 modo

186 1221 247 1277 quo
272 1203 405 1259 lecerunt
436 1203 573 1260 Christus
597 1216 625 1260 et
650 1204 695 1260 sui
721 1203 849 1277 apostoli
875 1203 904 1259 in
929 1204 1039 1260 talibus
1065 1202 1172 1259 ritibus

186 1292 346 1346 alternare.
371 1293 447 1347 Nam
467 1309 498 1347 ex
517 1291 635 1347 cautela
660 1290 773 1347 diaboti
797 1304 867 1347 sunt
892 1290 922 1346 in
944 1291 1054 1348 talibus
1070 1290 1172 1346 ludai-

186 1377 359 1433 zaeionibus
384 1380 451 1451 plus
474 1377 576 1434 ludeis
599 1378 724 1451 perfidis
747 1377 932 1452 profundati.
959 1380 1028 1435 ideo
1053 1391 1171 1434 moveat

147 1468 266 1520 iultens
303 1465 568 1521 exterminatorem
594 1465 676 1538 ipsos
701 1465 849 1521 instruere
882 1468 963 1540 quod
988 1484 1043 1521 non
1067 1466 1172 1520 ltalteut

185 1553 231 1607 liic
247 1562 408 1606 prurientem
425 1553 569 1608 ciuitatem
586 1554 638 1608 sed
652 1553 730 1628 quod
738 1553 878 1626 suturam
897 1553 998 1609 debent
1014 1553 1169 1627 inquirere.

228 1638 432 1695 Crisostornus
471 1653 572 1695 autent
613 1658 703 1713 super
736 1639 793 1696 isto
825 1653 907 1696 textu
946 1639 988 1696 sic
1019 1639 1170 1713 loquitur:
1203 1651 1370 1710 opponunt:

185 1727 303 1781 Moram
328 1737 423 1782 autem
441 1727 573 1800 faciente
595 1738 646 1783 etc.
677 1727 732 1783 lroc
754 1727 853 1804 signat
880 1745 988 1798 sermo,
1021 1727 1087 1800 quia
1111 1701 1389 1796 tar-¹{qfft'ss‘ffiffsssse

186 1815 272 1869 dante
311 1814 561 1870 consummaciane
592 1832 647 1869 nou
680 1815 774 1870 solum
802 1826 973 1889 peccatores
1004 1814 1057 1869 sed
1080 1805 1389 1914 ‘'cimnttiiitiiiiyihins

147 1898 253 1955 ¹5iusti
279 1912 305 1955 ct
329 1901 497 1975 spirituales
521 1903 560 1956 ad
583 1902 797 1978 negligenciam
831 1914 896 1956 sunt
927 1901 1106 1967 revolvendi,
1146 1892 1199 1956 et‘
1234 1889 1336 1964 connng*⁴
1379 1890 1383 1899 ’

186 1987 288 2043 relicta
313 1989 359 2042 uio
386 1988 500 2043 uirtutis
523 1990 562 2043 aa
585 1989 718 2044 carnalia
743 1990 951 2044 delectamenta
975 2000 1040 2044 sunt
1061 1989 1172 2063 aliqua-

185 2086 265 2130 tenus
288 2075 452 2146 transituri,
477 2087 506 2130 ut
522 2087 549 2131 et
565 2076 638 2130 illud
654 2076 810 2150 impleatur
830 2077 907 2150 quod
927 2078 1072 2150 propltcta
1098 2076 1172 2130 dice-

187 2162 249 2217 bat:
274 2162 394 2217 Salvum
421 2181 465 2217 me
481 2163 538 2236 sac
565 2163 698 2228 Domine,
722 2163 858 2237 quoniam
882 2162 977 2238 dejicit
993 2162 1172 2234 misericors,

186 2249 319 2323 quoniam
354 2249 489 2304 diminuti
518 2260 585 2305 sunt
599 2248 708 2324 fideles
731 2268 748 2304 a
763 2249 840 2325 filiis
864 2249 1021 2307 hominum.
1056 2249 1094 2303 Et
1119 2250 1173 2305 ltoc

145 2348 228 2391 mest
251 2337 329 2410 quod
348 2335 483 2392 Christus
499 2337 627 2393 dicebat:
651 2337 751 2408 Putas,
775 2355 839 2392 cum
862 2336 1065 2413 ueneritfilius
1082 2336 1172 2391 homi-

187 2424 240 2493 nu,
279 2423 401 2478 inveniet
424 2423 519 2498 fidem
554 2441 643 2498 super
681 2424 819 2479 terram?
857 2424 934 2478 Nam
969 2423 1097 2500 uigilare
1131 2434 1173 2478 est

187 2511 329 2566 iusticiam
345 2512 463 2585 facere,
488 2511 621 2567 dormire
641 2521 736 2566 antem
753 2522 795 2566 est
813 2511 975 2588 negligere.
999 2510 1073 2566 sicut
1090 2511 1173 2566 licit:

193 2598 318 2674 Vigilate
341 2615 414 2675 ergo
439 2599 505 2673 quia
530 2598 644 2654 nescitis
667 2616 723 2672 qua
748 2600 821 2654 liora
846 2598 938 2653 veniet
955 2597 1106 2653 Dominus.
1133 2598 1172 2652 Et

189 2702 256 2740 uere
279 2703 333 2740 non
358 2686 460 2740 tardat
483 2685 536 2740 sed
558 2696 696 2758 quantam
725 2686 765 2740 ad
788 2695 919 2741 nostram
945 2685 1171 2740 inconstanciam

146 2771 310 2827 &tardare
335 2771 458 2829 uidetur.
493 2772 571 2827 Nam
600 2773 627 2827 si
649 2773 865 2828 consideremus
894 2790 932 2827 ex
954 2790 1009 2846 quo
1038 2772 1173 2828 Christus

187 2859 214 2913 in
238 2860 330 2914 celum
355 2859 483 2914 ascendit
506 2871 532 2914 et
556 2870 693 2932 quantum
712 2859 845 2914 vivebant
861 2859 990 2914 homines
1006 2870 1073 2914 ante
1097 2859 1171 2914 dilu-

190 2946 264 3001 uium
290 2956 317 3001 et
335 2964 431 3021 prope
454 2956 565 3001 tantum
589 2946 717 3021 spacium
742 2958 793 3012 est,
826 2957 931 3021 quanto
955 2958 1085 3021 tempore
1108 2957 1173 3001 erat

189 3033 245 3087 uita
276 3032 496 3107 uniuscuiusque
524 3051 634 3089 eorum.
671 3033 703 3088 Si
735 3034 797 3106 quis
828 3044 923 3089 autern
955 3034 1055 3089 oculos
1088 3035 1172 3088 lrabet

187 3132 312 3194 apertos,
347 3120 483 3196 intelligit
517 3120 583 3196 quia
615 3120 777 3176 misterium
811 3120 895 3175 liuius
927 3120 1008 3175 uerbi
1040 3120 1067 3175 in
1092 3121 1173 3176 uobis

147 3207 335 3281 iuimpletum
360 3218 410 3263 est.
441 3207 533 3263 Omne
556 3207 630 3263 eninr
653 3208 780 3262 studium
805 3207 960 3282 spirituale
984 3207 1171 3281 relinquimus

187 3306 213 3348 ct
236 3295 276 3348 atl
298 3295 429 3349 carnalia
454 3296 661 3351 delectamenta
686 3295 854 3349 transimus.
883 3295 974 3362 Quem
999 3295 1073 3349 enim
1097 3295 1171 3349 iuuc·

187 3383 246 3437 nics
270 3382 366 3449 modo,
401 3400 456 3436 nou
491 3383 587 3437 dicam
612 3381 717 3436 laicum
741 3383 793 3437 sed
816 3393 866 3436 aut
887 3382 1097 3458 presbyterum
1122 3393 1171 3436 aut

187 3468 349 3544 episcopum
374 3468 423 3543 qui
444 3470 484 3523 all
502 3469 666 3544 perfectum
691 3480 875 3544 contempnat
898 3469 989 3524 seculi
1010 3469 1084 3523 bona
1108 3487 1170 3523 crc-

188 3557 257 3611 dens
295 3557 573 3612 consummacionem
613 3574 675 3612 esse
708 3556 926 3631 propinquam?
974 3555 1173 3630 Unusquisque

146 3642 260 3697 35cnim
295 3642 362 3698 dicit
396 3643 424 3698 in
453 3644 542 3699 corde
569 3661 621 3699 suo
656 3641 834 3718 irfidelitatis
860 3642 964 3717 spiritu
988 3643 1173 3717 prevalente:

189 3730 264 3784 Ecce
286 3748 324 3786 ex
347 3747 402 3803 quo
424 3730 560 3785 Christus
575 3731 638 3805 fuit
663 3729 689 3784 in
714 3730 812 3797 terris,
835 3747 950 3803 semper
966 3729 1082 3797 dicitur,
1106 3747 1172 3785 con·

186 3817 313 3873 sumacia
339 3818 423 3879 uenit,
446 3828 473 3872 et
497 3836 560 3873 ecce
591 3818 719 3872 noudum
747 3817 829 3873 uenit.
864 3817 909 3871 Ne
924 3817 1010 3890 sorte
1033 3818 1173 3894 credatur

186 3906 262 3978 quod
285 3923 340 3959 non
358 3905 518 3979 reparandi
532 3923 619 3960 causa
643 3905 695 3959 scil
718 3904 849 3959 terrendi
864 3903 991 3976 loquitur
1015 3903 1069 3958 ista
1080 3904 1170 3977 scrip-

186 4002 261 4046 uuo.
300 3991 359 4057 Qui
389 4002 485 4046 autem
510 4010 564 4046 non
598 4009 665 4047 vere
688 3990 782 4046 credit
805 3990 1084 4046 consummacionem
1110 4009 1172 4046 esse

238 4261 273 4304 30,
290 4264 309 4304 Α
326 4263 347 4304 in
365 4275 450 4314 marga
467 4259 534 4304 Nota.
597 4259 630 4312 37.
646 4259 680 4303 38.
696 4260 724 4303 u:
742 4260 853 4304 credatur
867 4260 930 4314 quoa
945 4261 1015 4303 deest.

238 4409 261 4454 n.
275 4389 349 4437 tte-tu.
365 4388 430 4444 Xlll,
446 4404 482 4449 tq.
524 4403 561 4435 ιε.
573 4388 624 4451 (tp.
635 4388 699 4452 imp.
712 4388 727 4434 1,
738 4403 758 4435 r.
771 4402 829 4450 pag.
840 4385 898 4452 qni.
945 4388 981 4434 18.
994 4387 1136 4448 Psalm.Xl‚
1149 4402 1170 4434 ε.

190 4473 228 4505 20.
250 4460 334 4506 lutrae
355 4459 445 4519 svnt,
463 4459 488 4505 8.
526 4458 565 4508 23.
587 4456 676 4506 Martii.
696 4457 786 4515 xxiv,
805 4471 847 4518 42.

1024 4541 1071 4590 'ti‘-
