3098 5130
170 496 237 540 cun.
257 485 355 569 xvuu]
445 504 490 553 on
510 502 747 554 ANTICHRISTO
768 503 831 553 un.
852 504 869 552 1.

169 680 270 718 eorum
287 662 470 740 insanguine
481 663 704 738 prophetarum.
719 664 841 739 Semper
848 663 936 719 Judei
941 663 1152 737 preteritorum

168 761 336 806 sanctorum
366 750 493 807 cultores
516 752 644 825 suerunt
671 761 698 806 et
718 751 901 827 presencium
931 762 1155 827 contemptores,

169 837 266 914 magis
289 848 384 894 autem
415 850 621 912 persecutores
653 850 680 893 et
703 838 811 895 inimici
834 837 993 894 vivencium
1017 849 1045 894 et
1068 838 1155 894 amici

147 935 362 1006 ‚ritortuorum
397 925 462 980 Non
495 925 568 980 enim
592 925 764 982 sustinentes
787 925 1003 1000 increpationes
1022 927 1153 1002 prophe-

145 1013 267 1066 ³tarum
300 1030 420 1068 suorum
450 1013 701 1087 persequebantur
732 1030 781 1069 eos
809 1023 836 1068 et
858 1012 1035 1070 occidebant.
1075 1014 1152 1068 Nam

170 1098 330 1155 volentibus
368 1099 446 1154 male
484 1099 581 1154 vivere
612 1117 730 1175 semper
762 1100 911 1156 contraria
945 1099 1061 1155 videtur
1093 1117 1155 1157 esse

169 1186 330 1260 correpcio,
364 1185 475 1243 dicente
499 1187 670 1243 Salomone:
702 1187 805 1263 Argue
831 1187 989 1263 sapientem
1018 1198 1044 1242 et
1073 1205 1153 1243 ama-

172 1272 211 1327 bit
226 1284 263 1338 te,
285 1273 464 1349 insipientem
482 1285 509 1328 ct
525 1274 629 1330 adiciet
645 1274 753 1331 odiose.
771 1274 875 1330 Postea
891 1285 987 1330 antem
1005 1285 1153 1331 nascentes

168 1359 231 1436 filii
252 1360 454 1437 intelligebant
481 1361 582 1436 culpas
609 1371 730 1436 patrum
753 1379 885 1434 suorum,
924 1372 952 1416 et
985 1361 1049 1417 ideo
1071 1361 1154 1437 quasi

131 1446 205 1504 iode
228 1459 323 1502 morte
354 1447 550 1503 innocencium
580 1448 796 1523 prophetarum
829 1449 958 1504 dolentes
980 1447 1153 1524 edificabant

170 1534 341 1590 memoriam
365 1552 468 1592 eorum
497 1546 524 1590 et
547 1535 604 1610 ipsi
625 1547 721 1591 tamen
748 1534 883 1591 similiter
902 1536 1153 1610 persequebantur

169 1631 196 1675 et
218 1621 427 1698 interficiebant
458 1640 526 1678 suos
546 1623 718 1697 prophetas,
751 1622 933 1698 increpantes
960 1641 1009 1679 eos
1028 1634 1154 1699 propter
1199 1632 1243 1677 we
1258 1647 1297 1678 are
1311 1635 1340 1678 att

164 1719 296 1782 peccata,
329 1709 395 1784 quia
419 1710 495 1765 alter
518 1711 640 1765 alterius
663 1711 779 1785 culpam
803 1711 859 1766 cito
883 1710 1030 1787 intelligit,
1068 1729 1151 1766 stram
1174 1687 1372 1792 “adgqfsssg'm‘

168 1805 264 1851 autem
294 1796 425 1873 difficile,
453 1797 520 1872 quia
542 1796 629 1852 homo
653 1797 681 1852 in
705 1815 794 1853 causa
815 1797 939 1853 alterius
961 1797 1152 1872 tranquillum

128 1893 220 1943 nficor
243 1882 336 1954 habet,
369 1883 397 1938 in
429 1902 482 1939 sua
516 1895 611 1940 autem
645 1886 802 1940 turbatum.
842 1885 1033 1941 Perturbacio
1056 1896 1151 1941 autem

167 1969 265 2025 cordis
303 1989 358 2026 non
383 1970 529 2045 permittit
560 1971 703 2028 hominem
732 1971 921 2027 considerare
948 1971 1025 2045 quod
1048 1973 1152 2028 bonum

167 2067 217 2113 est.
258 2057 306 2112 Sic
338 2077 411 2135 ergo
440 2076 496 2133 per
528 2058 661 2134 singulas
683 2059 892 2135 generaciones
914 2058 1000 2115 ludei
1022 2059 1153 2115 colebant

168 2143 235 2199 illos
258 2145 343 2218 quasi
363 2155 490 2216 sanctos,
512 2163 584 2221 quos
603 2156 706 2221 patres
730 2163 830 2201 eorum
855 2145 939 2220 quasi
961 2147 1054 2202 malos
1077 2146 1151 2202 occi-

168 2231 282 2291 derant.
321 2231 387 2287 Hoc
418 2243 514 2288 autem
542 2232 636 2308 fiebat
660 2251 716 2288 non
740 2244 771 2287 ut
803 2250 968 2307 unaqueque
996 2234 1153 2311 generacio

125 2336 249 2376 aosuam
286 2318 481 2377 innocencium
514 2320 688 2388 ostenderet,
719 2319 772 2376 sed
800 2332 830 2375 ut
858 2319 978 2375 invicem
1002 2339 1032 2376 se
1055 2320 1152 2376 dome·

166 2405 254 2462 sticos
268 2406 404 2483 filiorum
420 2406 526 2462 iudicio
546 2407 802 2481 condempnarent.
831 2407 903 2474 Quis
919 2407 992 2462 enim
1017 2407 1154 2463 estimare

163 2503 259 2567 potest
291 2493 454 2550 innocentes
476 2495 525 2569 qui
546 2513 564 2549 a
580 2493 656 2567 filiis
678 2494 738 2550 suis
765 2494 849 2569 quasi
876 2493 921 2549 rei
946 2494 1152 2568 dampnantur.

169 2580 217 2635 Sic
239 2581 326 2636 ludei
347 2581 397 2656 qui
411 2582 539 2656 fuerant
567 2591 697 2656 tempore
724 2580 836 2636 Christi
853 2581 1016 2656 prophetas
1038 2581 1151 2655 quidem

167 2668 298 2723 colebant
321 2679 348 2723 et
372 2669 467 2724 Deum
492 2668 752 2744 persequebantur,
790 2686 891 2725 servos
922 2669 1104 2724 honorabant
1127 2679 1153 2724 et

124 2762 154 2812 25
169 2752 327 2810 Dominum
339 2756 586 2830 contempnebant.
599 2755 772 2811 Naturalem
786 2755 1152 2813 consuetudinemomnium

168 2842 313 2897 malorum
342 2843 489 2899 hominum
517 2842 653 2899 Christus
681 2842 809 2917 exponit.
843 2844 919 2898 Nam
943 2841 1033 2900 ‚ludei
1058 2843 1154 2899 corri-

164 2929 326 3003 piuntura
354 2930 464 3000 iudeis,
496 2931 548 2985 sed
573 2947 647 3004 pene
669 2929 697 2985 in
721 2931 852 2987 omnibus
885 2931 970 2986 malis
993 2929 1155 2985 hominibus

167 3016 360 3086 adinvenitur,
390 3028 420 3072 ut
443 3016 517 3073 alios
538 3017 653 3092 quidem
683 3016 799 3092 culpent
822 3028 956 3073 errantes
993 3029 1020 3072 et
1047 3017 1104 3093 ipsi
1126 3017 1153 3072 in

166 3105 281 3159 eosdem
306 3115 428 3160 currant
452 3122 581 3162 errores.

125 3200 156 3249 30
210 3190 287 3247 Ecce
310 3191 337 3246 si
358 3202 388 3246 tu
411 3191 515 3247 audias
538 3191 662 3266 aliquem
688 3190 723 3247 de
750 3191 874 3266 antiquis
896 3190 1038 3266 episcopis
1063 3207 1203 3265 quan-out
1217 3210 1301 3246 cannot
1317 3203 1370 3246 bear

166 3287 226 3332 tum
251 3277 300 3334 ille
323 3279 432 3351 (nescio
456 3279 518 3353 quis
541 3278 590 3350 sit)
611 3289 779 3354 peccantem
794 3279 935 3353 populum
955 3278 1045 3334 libere
1060 3279 1154 3335 incre·
1202 3256 1328 3351 „ffissgflf'ss

163 3365 264 3439 pabat,
301 3365 343 3420 sic
371 3383 516 3441 personas
549 3365 671 3420 divitum
707 3383 761 3421 non
799 3365 965 3440 aspiciebat,
1002 3365 1055 3421 sed
1091 3366 1153 3421 uni·

166 3452 266 3526 cuique
290 3470 358 3508 vere
381 3452 502 3524 dicebat,
525 3452 623 3508 statim
648 3452 800 3508 collaudas
822 3471 885 3508 eum
909 3463 936 3506 et
958 3452 1105 3528 beatificas
1127 3463 1154 3508 et

167 3539 239 3595 dicis
262 3539 327 3613 quia
344 3539 412 3596 talis
436 3540 517 3596 debet
534 3559 596 3596 esse
618 3540 646 3595 in
667 3541 777 3614 populo
802 3540 914 3595 doctor.
940 3538 979 3593 Et
1001 3540 1028 3594 si
1049 3540 1154 3594 audias

125 3627 232 3700 35quia
256 3627 362 3700 aliquis
394 3627 492 3683 extitit
515 3627 682 3703 increpatus
706 3637 733 3683 et
749 3626 825 3700 fecit
850 3626 896 3681 illi
917 3626 1052 3681 iniuriam
1079 3626 1152 3682 vitu-

164 3732 274 3788 perans
298 3714 388 3769 dicis:
420 3714 521 3780 Quare
544 3733 600 3769 non
624 3713 758 3770 sustinuit
782 3713 1003 3788 increpantem?
1033 3713 1102 3790 Ego
1129 3713 1155 3768 si

168 3819 258 3857 essem
282 3813 309 3856 et
334 3820 379 3857 me
394 3801 499 3876 aliquis
519 3820 656 3877 promea
673 3800 758 3876 culpa
782 3801 956 3874 corriperet,
980 3818 1036 3855 uon
1059 3800 1152 3855 solum

167 3907 222 3943 non
255 3889 403 3945 irascerer
433 3889 486 3944 sed
508 3889 606 3964 tnagis
628 3890 802 3966 gauderem.
837 3888 916 3942 Sicut
939 3886 1013 3942 enim
1031 3886 1153 3961 familia

221 4208 246 4240 n.
261 4198 295 4239 A:
311 4201 423 4239 ettamen
438 4208 537 4251 semper.
604 4208 640 4249 24·
656 4197 689 4239 A:
704 4194 854 4238 honorabant
868 4194 938 4236 deest.
1002 4202 1038 4248 29.
1054 4192 1087 4235 B:
1103 4204 1153 4235 cnr·

168 4255 227 4292 rent.
303 4247 337 4301 35,
351 4247 388 4292 36.
403 4248 433 4292 B:
449 4249 574 4303 increpans
588 4249 654 4291 dicis.
722 4246 755 4302 372
772 4247 800 4290 B:
816 4259 851 4289 me
865 4247 936 4288 deest.
991 4242 1024 4288 3⁸.
1040 4247 1074 4288 A:
1096 4245 1154 4287 iras-

168 4302 240 4352 cerlt,·
254 4301 285 4344 ib.
301 4301 330 4343 B:
344 4303 405 4343 sicut
418 4306 502 4344 atatem.

220 4461 243 4509 7.
264 4446 341 4494 l'rou.
362 4446 403 4505 tx,
423 4447 447 4494 8.
