3098 5130
209 482 279 527 CAP.
294 470 423 554 mvn-l
491 489 915 541 DEANT1CHR15T01.tu.1.
1353 477 1410 551 ¹³7

255 651 341 707 Unde
364 669 418 724 per
434 650 491 708 hoc
512 649 659 708 iudicium
680 650 879 709 iustificatum
897 671 914 708 a
932 650 1053 710 Christo
1070 665 1196 710 notatur
1219 663 1401 726 Rigmepumess

210 737 447 796 convertibilitas
463 737 542 795 iuste
557 737 617 795 vite
633 740 680 797 vel
694 739 805 815 operis,
830 742 986 815 querendo
1007 741 1194 798 voluntatem
1220 723 1403 831 fflff‘ffiq

211 824 331 883 deitatis
359 840 387 882 et
419 825 570 882 iniusticia
603 826 662 884 vite
694 827 739 884 vel
766 827 867 902 operis
893 827 1018 885 viatoris
1041 829 1195 903 querendo
1206 873 1257 917 unii
1275 821 1412 918 ,magmas

210 912 367 988 propriam
384 914 586 984 voluntatem3
611 926 640 971 et
661 914 797 990 loquitur
812 915 850 971 de
866 914 1040 990 quesicione
1062 914 1194 973 hominis
1240 885 1373 980 in⁸seeting

185 999 382 1075 §principali
416 1003 487 1058 ldeo
516 1003 580 1058 Jolt.
605 1003 679 1065 Vlll,
710 1003 750 1073 54
782 1001 855 1058 dicit
885 1002 1038 1059 Christus:
1075 1003 1108 1059 Si
1138 1021 1195 1081 ego
1249 991 1294 1021 ⁰¹¹³
1307 991 1370 1021 own.

208 1089 346 1166 glorifico
364 1105 410 1144 me
431 1088 535 1165 ipsum,
558 1089 659 1166 gloria
682 1108 746 1146 mea
770 1089 858 1145 nichil
880 1101 931 1161 est,
955 1089 1027 1164 quia
1051 1093 1095 1159 (ut
1111 1089 1195 1164 prius

118 1178 181 1241 418²
210 1176 328 1247 asserit)
351 1171 355 1246 Ι
375 1194 432 1253 ego
458 1175 589 1253 gloriam
619 1195 711 1232 nteam
736 1195 792 1232 iton
816 1195 923 1252 quero,·
955 1177 1070 1252 estqui
1091 1188 1196 1252 querat

209 1276 236 1319 et
270 1264 383 1319 iudicet.
423 1264 565 1319 Studeret
597 1277 699 1320 autem
738 1282 817 1338 papa
855 1262 984 1320 sollicite
1016 1263 1040 1321 si
1072 1264 1104 1320 in
1136 1265 1194 1321 hoc

210 1351 346 1425 sequitur
377 1349 514 1425 proxime
545 1352 646 1407 lesum
680 1349 849 1423 Christum3
886 1364 915 1407 et
941 1351 1061 1407 videtur
1090 1350 1194 1408 multis

169 1438 341 1505 roevidens,
374 1439 456 1512 quod
489 1436 637 1512 quidquid
670 1456 750 1512 papa
782 1437 885 1495 iecerit
918 1452 1075 1513 tamquam
1114 1457 1194 1514 papa

210 1526 310 1599 querit
342 1525 470 1599 gloriam
503 1543 590 1582 suam
625 1537 654 1581 et
681 1525 799 1582 lucrum
828 1524 995 1600 proprium.
1029 1527 1194 1596 Quomodo

210 1631 282 1688 ergo
306 1612 337 1669 in
361 1614 418 1669 hoc
446 1612 583 1687 sequitur
606 1612 765 1670 dominum
788 1615 890 1670 Jesum
915 1613 1087 1670 Christum?
1116 1616 1193 1670 Nam

210 1702 386 1757 coronando
421 1718 565 1776 cesarem,
605 1700 787 1757 conferendo
826 1700 1019 1776 episcopatus
1057 1715 1086 1758 et
1118 1700 1194 1758 alias

210 1787 381 1861 dignitates,
411 1788 606 1845 concedendo
634 1786 791 1862 privilegia
820 1801 849 1845 et
882 1787 956 1845 alias
984 1787 1193 1862 indulgencias

169 1881 267 1950 rique
290 1876 387 1932 nescit
410 1875 435 1931 si
459 1888 626 1932 consonant
650 1875 840 1950 beneplacito
864 1874 918 1931 Dei
942 1874 1047 1949 patris,
1075 1875 1194 1933 videtur

208 1961 414 2038 omniquaque
438 1964 476 2018 ad
500 1962 629 2037 gloriam
651 1965 837 2020 mundanam
854 1976 883 2020 et
899 1963 1015 2019 lucrum
1033 1962 1192 2038 proprium

209 2050 353 2124 aspirare,
386 2068 454 2106 cum
484 2062 586 2107 tamen
614 2069 670 2124 pro
703 2063 768 2107 toto
801 2051 915 2106 mundo
943 2052 1099 2125 querendo
1130 2069 1192 2108 non

209 2137 320 2194 faceret
344 2136 495 2195 contrarie
518 2137 666 2195 voluntati
690 2137 811 2195 deitatis
835 2138 873 2194 ad
890 2139 972 2211 quod
988 2156 1068 2211 papa
1084 2156 1191 2211 parum

209 2224 347 2293 attendit,
396 2224 467 2282 licet
510 2225 648 2283 Christus
690 2224 860 2282 necessario
902 2224 1065 2281 servaverit
1102 2223 1191 2283 istam

167 2331 361 2369 aonormam.
395 2311 533 2369 Christus
561 2325 663 2369 autem
693 2311 778 2369 scivit
802 2313 883 2387 quod
911 2313 1066 2386 sequendo
1094 2310 1193 2368 humi·

209 2398 277 2456 liter
304 2399 393 2456 istam
423 2400 558 2473 regulam
587 2412 708 2474 oportet
731 2399 874 2456 deitatem
899 2400 972 2456 dare
996 2398 1125 2455 fideliter
1148 2417 1193 2455 se·

209 2486 313 2561 quenti
346 2486 474 2561 gloriam
504 2489 777 2562 correspondenter
804 2500 837 2543 ut
866 2485 989 2555 meruit;
1023 2485 1091 2543 ideo
1119 2485 1193 2543 dicit

210 2573 334 2649 quidam
368 2574 525 2649 postillans
560 2576 642 2650 quod
676 2573 881 2631 antichristive
905 2591 1035 2649 querens
1063 2572 1192 2648 gloriam

209 2661 364 2736 propriam
398 2677 442 2719 est
474 2662 580 2719 similis
612 2661 817 2737 peregrinanti
849 2679 902 2735 per
932 2661 1043 2718 vadum
1075 2659 1194 2735 perieu-

166 2749 317 2819 eilosum,
342 2749 394 2824 qui
419 2749 506 2824 ponit
529 2768 615 2806 suam
641 2748 875 2806 sollicitudinem
900 2750 1057 2823 quomodo
1085 2749 1194 2805 umbra

209 2854 262 2892 sua
296 2836 421 2894 transiet
453 2836 533 2894 istud
562 2838 684 2894 vadum.
718 2836 803 2893 Sicut
832 2834 911 2894 enim
941 2837 1084 2911 ponendo
1107 2854 1193 2893 suam

208 2923 443 2981 sollicitudinem
478 2926 516 2981 ad
548 2923 601 2980 Dei
634 2922 762 2998 gloriam
797 2923 1029 2999 adquirendam,
1063 2937 1091 2980 et
1120 2941 1194 2998 quo·

209 3011 300 3068 modo
324 3010 380 3067 sibi
397 3010 498 3068 debite
521 3011 668 3068 servietur
683 3010 780 3084 gloria
804 3010 939 3086 propria,
958 3010 1031 3086 quia
1050 3009 1192 3067 meritum

209 3111 237 3153 et
270 3098 421 3172 premium
445 3099 617 3156 necessario
646 3111 824 3174 sequuntur,
846 3098 898 3155 'sic
927 3098 957 3154 in
981 3097 1096 3155 viatore
1125 3117 1195 3172 pro-

166 3192 198 3242 30
210 3199 344 3242 merente
387 3185 605 3243 beatitudinem
650 3204 704 3260 per
743 3185 831 3243 istam
870 3185 950 3242 viam
989 3185 1191 3259 periculosam

208 3272 304 3344 gloria
328 3286 356 3330 et
380 3273 530 3348 premium
555 3292 588 3330 ex
612 3273 713 3330 divino
737 3272 852 3330 iudicio
876 3287 1109 3347 consequentur.

253 3363 343 3416 lstam
377 3374 480 3417 autem
509 3360 675 3417 leccionem
710 3360 816 3417 vellem
846 3362 927 3435 quod
956 3378 1036 3434 papa
1059 3362 1194 3417 studeret

209 3465 276 3502 cum
302 3447 425 3521 prelatis
449 3446 516 3504 aliis
540 3467 615 3522 quos
639 3447 703 3523 ipse
726 3447 881 3520 creaverit,
906 3446 977 3523 quia
998 3460 1070 3504 tunc
1087 3447 1194 3521 prelati

209 3534 316 3590 cesarii
340 3548 539 3609 sequerentur
563 3534 593 3591 in
617 3549 704 3609 parte
728 3534 885 3591 dominum
909 3536 1010 3591 Jesum
1028 3534 1193 3591 Christum.

166 3623 244 3678 351⁴]
281 3621 304 3676 si
339 3621 457 3679 dicatur
490 3623 571 3696 quod
604 3623 684 3679 istud
718 3635 868 3696 repugnat
900 3621 1002 3696 papali
1041 3621 1133 3678 statui
1166 3636 1194 3677 et

209 3709 299 3764 statui
333 3709 530 3782 prelatorum,
566 3710 744 3767 maledictus
773 3709 811 3766 sit
839 3709 889 3766 ille
918 3722 1022 3778 status,
1056 3708 1104 3765 cui
1137 3708 1199 3769 ista.

152 3824 156 3832 ·
209 3795 348 3852 doctrina
372 3796 545 3870 evangelica
569 3797 611 3853 sic
636 3810 794 3872 repugnat,
819 3796 890 3871 quia
913 3809 1029 3853 certum
1052 3797 1193 3870 estquod

208 3882 257 3939 ille
281 3896 376 3940 status
401 3902 460 3939 non
485 3903 502 3941 a
526 3888 590 3941 Deo
614 3886 666 3940 sed
695 3904 711 3940 a
736 3883 858 3940 diabolo
882 3883 1010 3958 sumpsit
1034 3881 1193 3956 originem,

210 3988 277 4026 cum
303 3971 466 4028 necessitat
489 3972 527 4028 ad
553 3984 721 4045 peccatum.

259 4277 282 4314 4.
299 4263 328 4305 Β.
350 4262 510 4324 elloquimur.
605 4274 637 4306 to.
660 4263 695 4324 ᾼε
715 4262 852 4324 qqicuuque.
947 4273 977 4313 tq.
997 4259 1192 4316 Atpravilegia.

210 4326 240 4368 ¹9·
256 4318 289 4358 A:
305 4328 330 4357 m
345 4326 486 4358 necessario.
554 4315 588 4359 26.
604 4317 638 4357 A:
653 4326 687 4357 stc
700 4326 774 4365 eninm
789 4315 819 4357 tb.
835 4314 866 4356 B:
881 4325 946 4355 sunm
961 4314 1031 4357 deest.

262 4441 286 4491 s.
305 4442 364 4491 roh.
384 4443 447 4505 suu,
469 4443 507 4491 30.
