3098 5130
164 498 233 542 cna.
249 485 323 568 niv]
453 503 497 552 rn:
517 502 754 552 nnrrcnrusro
776 502 839 551 int.
858 502 876 550 1.

165 662 296 720 avaricia
330 664 469 720 laborant
500 663 616 737 singule
648 665 823 736 earundem,
857 662 929 737 quia
953 664 1097 720 extollunt
1121 682 1152 720 se

165 770 197 807 ex
236 751 292 807 hoc
332 752 413 824 quod
452 751 562 806 habent
595 769 737 824 magnum
771 769 930 807 numerum
971 765 1050 808 secte
1088 770 1151 821 sue,

165 852 192 895 et
217 837 350 912 quelibet
375 856 504 912 persona
530 837 609 893 illius
634 851 714 894 secte
738 836 857 894 videtur
881 856 945 895 esse
962 838 1077 895 inutilis
1094 838 1150 894 nisi

165 927 244 981 ultra
280 927 347 989 hoc,
381 926 464 999 quod
488 924 629 999 expendit
653 924 684 981 in
709 942 839 999 persona
863 925 988 1000 propria
1012 927 1049 981 ad
1074 925 1153 982 utili-

141 1017 258 1070 5tatem
291 1012 336 1069 sui
370 1012 495 1085 ordinis,
528 1011 637 1086 spoliet
669 1013 827 1070 seculares.
864 1015 900 1069 Et
928 1013 971 1069 sic
996 1012 1082 1069 multi
1106 1014 1152 1070 vel

165 1099 274 1175 singuli
300 1119 404 1157 eorum
430 1100 629 1174 prescitorum
664 1113 734 1156 sunt
762 1118 795 1156 ex
819 1099 950 1174 ypocrisi
976 1113 1004 1157 ct
1030 1101 1152 1157 menda-

165 1187 222 1257 cio,
261 1206 294 1244 ex
334 1187 479 1262 capcione
518 1200 598 1244 secte
627 1186 747 1261 gravius
781 1186 1025 1261 condempnandi
1060 1207 1151 1261 quam

165 1276 263 1332 forent
287 1288 440 1332 servantes
464 1275 591 1349 figuram
617 1273 763 1349 simplicis
787 1273 902 1330 ordinis
926 1273 1093 1331 christiani.

209 1366 246 1419 Et
271 1362 340 1418 hinc
365 1361 503 1419 auditum
537 1376 580 1419 est
614 1381 707 1418 unum
738 1363 861 1418 fratrem
886 1361 995 1418 dixisse
1019 1359 1361 1453 “ebriu‘ioiiuisliiahiin

126 1452 245 1524 roquod
286 1468 440 1524 nunquam
481 1449 549 1506 iecit
573 1449 696 1506 fratrem
730 1449 862 1523 aliquem
895 1449 952 1505 nisi
986 1469 1090 1519 unum,
1124 1464 1152 1506 et
1182 1462 1353 1522 hetradrnade

164 1536 359 1611 intelligendo
383 1556 413 1592 se
437 1536 534 1611 ipsum
560 1551 588 1593 et
605 1536 757 1593 maliciam
775 1536 820 1592 sui
838 1536 963 1608 ordinis,
981 1536 1054 1592 dixit
1071 1514 1369 1612 quodbufpssnfffefsffifdm

166 1627 202 1682 dc
225 1626 283 1682 hoc
307 1638 454 1699 perpetuo
478 1623 636 1698 penitebit.
661 1623 747 1680 Multi
771 1638 871 1680 autem
890 1638 960 1680 sunt
977 1626 1152 1681 claustrales
1177 1620 1356 1726 rcpsslffiffma,

165 1730 198 1768 ex
236 1713 383 1769 absconso
422 1711 549 1769 crimine
588 1711 832 1785 condempnandi
873 1711 923 1785 qui
963 1711 1092 1768 eventati
1126 1725 1153 1769 et

164 1798 295 1855 viventes
328 1799 359 1854 in
383 1800 486 1856 seculo
509 1800 706 1855 salvarentur.
741 1801 816 1855 Cum
848 1798 927 1856 enim
953 1817 1025 1873 ergo
1049 1817 1152 1856 secun-

126 1888 235 1942 ridum
268 1885 447 1943 vaticinium
482 1885 556 1942 lsaie
589 1887 649 1954 XL,
684 1888 700 1942 6
737 1886 838 1942 Onnris
871 1904 940 1942 caro
972 1887 1009 1942 sit
1034 1887 1151 1960 fenum,

164 1972 242 2029 sicut
274 1975 375 2029 fenum
408 1972 503 2030 viride
528 1973 672 2046 putrescit
705 1973 837 2030 indebite
861 1973 1086 2047 conglobatum,
1111 1973 1153 2030 sic

166 2061 342 2117 claustrales
375 2060 593 2135 conglomerati
629 2074 805 2134 putrescunt
840 2061 941 2116 multis
965 2061 1152 2129 criminibus,

167 2147 217 2222 qui
251 2147 381 2204 eventati
415 2148 445 2204 in
477 2149 579 2204 seculo
607 2149 644 2204 ab
668 2147 727 2204 illis
752 2147 932 2204 criminibus
956 2149 1152 2205 salvarentur.

167 2236 254 2304 Quod
280 2235 416 2292 Christus
440 2234 559 2291 videtur
583 2238 691 2291 docere
708 2237 790 2309 quod
807 2234 872 2309 ipse
889 2253 922 2291 ex
938 2235 1154 2292 omnisciencia

123 2341 219 2378 iosua
243 2320 384 2396 eligendo
408 2322 569 2380 duodecim
595 2323 750 2396 apostolos
775 2321 911 2396 permisit
935 2322 1075 2379 Scarioth
1093 2342 1153 2379 non

166 2411 305 2466 obstante
329 2423 390 2466 tam
416 2410 521 2466 stricta
546 2408 683 2466 doctrina
700 2422 791 2484 atquc
808 2407 946 2465 custodia
963 2409 993 2465 in
1010 2409 1153 2467 societate

166 2510 226 2552 tarn
252 2509 357 2553 sancta
380 2496 445 2553 fieri
469 2515 562 2553 unum
585 2497 754 2566 diabolum;
779 2509 893 2571 quanto
915 2496 1010 2570 magis
1026 2496 1077 2553 ubi
1099 2496 1154 2554 iste

167 2583 359 2640 condiciones
384 2583 541 2651 deficiun13
567 2596 595 2639 et
618 2582 796 2640 infidelitate
820 2597 973 2640 crescente
996 2583 1027 2641 in
1044 2583 1154 2658 princi-

167 2670 217 2744 pio
242 2672 396 2745 professus
420 2671 472 2727 uni
497 2671 619 2729 diabolo
642 2671 804 2744 obligatur.
829 2670 937 2727 Videat
953 2689 1025 2745 ergo
1041 2671 1154 2728 faciens

124 2777 261 2830 25unum
286 2760 377 2815 talem
402 2759 579 2833 proselitum
605 2758 628 2813 si
653 2777 727 2832 pure
752 2760 810 2814 hoc
834 2758 924 2814 faciat
948 2760 985 2815 ad
1007 2761 1153 2816 honorem

167 2845 220 2901 Dei
245 2858 273 2902 et
296 2864 357 2902 non
382 2860 505 2920 propter
522 2847 631 2902 fastum
650 2859 701 2902 aut
717 2859 872 2920 questum3
896 2847 976 2919 quod
999 2846 1023 2902 si
1041 2846 1153 2915 fecerit,

167 2951 260 3007 quare
285 2952 346 2989 non
370 2932 515 2990 convertit
539 2933 636 3006 ipsum
662 2934 699 2989 ad
716 2932 884 3007 simplicem
901 2946 1013 2989 sectam
1032 2933 1153 3005 Christi,

167 3019 243 3076 sicut
267 3020 402 3076 fecerunt
426 3020 563 3077 Christus
588 3032 618 3076 et
641 3019 687 3075 sui
712 3020 852 3094 apostoli,
877 3039 946 3076 cum
967 3021 1077 3078 caritas
1099 3040 1154 3077 non

168 3107 260 3180 querit
293 3125 346 3182 qne
373 3126 426 3164 sua
454 3119 520 3164 sunt
543 3109 593 3164 sed
627 3107 830 3164 communiter
859 3125 917 3181 que
945 3107 1061 3164 domini
1085 3111 1153 3164 lesu

126 3202 158 3252 30
168 3193 290 3251 Christi.

546 3381 650 3446 CAP.
672 3381 775 3446 XIII.

212 3527 360 3594 Quartum
385 3527 427 3581 Ve
452 3525 596 3599 evangelii
621 3525 745 3582 Matthei
770 3527 858 3581 XXlll
885 3526 1022 3600 sequitur
1044 3525 1073 3581 in
1098 3527 1154 3582 hac
1177 3535 1265 3578 Fournr
1282 3533 1348 3578 Woc.

167 3613 279 3668 forma:
311 3613 348 3668 Vc
373 3613 451 3668 vobis
475 3614 562 3668 duces
586 3613 653 3677 ccci,
677 3613 725 3686 qui
747 3612 856 3669 dicitis:
884 3614 1053 3688 Quicunque
1075 3613 1154 3667 inra-

170 3700 242 3755 neril
272 3718 328 3775 per
351 3700 489 3775 ternplum
515 3700 581 3771 Dei,
614 3700 702 3756 nichil
725 3712 782 3768 cst:
813 3701 862 3774 qni
892 3711 986 3756 aretem
1011 3701 1154 3755 iuraverit

126 3787 196 3843 35in
223 3806 298 3842 curo
327 3787 436 3862 templi,
474 3788 563 3843 debet.
599 3788 689 3842 Stulti
715 3800 743 3843 et
765 3789 833 3856 ceci,
868 3789 937 3862 quid
960 3787 1033 3843 enirn
1060 3788 1153 3842 innius

169 3884 225 3929 cst:
248 3893 353 3928 arcrntn
378 3893 414 3929 an
438 3875 576 3950 templum
602 3875 678 3949 qnod
701 3874 863 3951 sartctificct
886 3875 1015 3930 atirnm?
1038 3874 1078 3930 Er
1093 3875 1154 3949 qni-

168 3979 278 4035 cunque
310 3961 452 4017 iuraverit
484 3962 511 4017 in
544 3962 644 4034 altari,
678 3962 767 4018 nichil
789 3973 840 4032 cst,
872 3963 1032 4038 quicunque
1059 3972 1155 4017 antem

222 4215 243 4266 ti,
257 4226 277 4266 7.
295 4215 322 4256 B:
339 4215 495 4257 mendaciora.
564 4228 585 4269 p.
601 4218 623 4258 A
638 4216 660 4258 in
677 4227 765 4268 maru:
781 4215 852 4259 Nota.
912 4229 942 4267 ¹4·
959 4218 992 4258 A:
1008 4227 1067 4271 crgo
1083 4217 1154 4258 deest.

170 4267 199 4310 15.
217 4267 233 4308 ll
247 4268 270 4309 in
286 4279 337 4310 mar
355 4281 375 4308 .:
391 4267 504 4310 additum.
578 4280 610 4322 vn.
626 4269 658 4310 A:
678 4268 747 4322 Quod
760 4269 832 4311 deest.
900 4266 930 4310 31.
947 4269 963 4310 ll
979 4268 1002 4311 in
1018 4279 1103 4321 marga
1120 4279 1153 4310 ra.

170 4318 204 4369 ir.
221 4320 253 4361 A:
271 4319 315 4362 Ilei
345 4326 400 4361 cest.
467 4318 498 4362 35.
516 4319 545 4361 ll:
561 4321 644 4375 rnrtgis.
711 4320 746 4362 3n.
763 4321 975 4375 ll:nnttcmplnm.

224 4446 264 4496 32.
284 4444 373 4494 llatth.
393 4446 481 4508 lllllll,
505 4445 613 4495 16-22.
