3098 5130
579 512 705 563 oeems
721 512 936 563 [russeum
955 512 1021 563 um
1038 512 1084 562 tv.
1186 489 1270 578 [ese.
1283 503 1326 550 ιν.

340 686 441 725 nunus
473 681 501 726 et
531 684 628 748 caput.
659 673 740 730 Dicit
766 674 795 729 ei
812 673 913 730 lesus:
948 673 1009 743 Qui
1029 674 1107 729 totus
1128 683 1172 729 est
1194 689 1251 728 non
1284 671 1327 726 in·

340 756 422 834 diget
443 758 501 814 nisi
521 771 553 813 ut
572 761 663 836 pedes
686 762 764 817 lauet
785 762 839 818 sel
860 773 904 817 est
926 762 1052 817 mannus
1074 771 1162 816 totus.

384 844 482 918 Super
504 864 565 920 quo
589 848 789 922 Augustinus:
825 850 900 904 Cum
928 849 1047 904 lar-aret
1069 847 1214 903 Dominus
1235 846 1328 921 pedes

340 930 560 1007 discipulorum,
582 937 657 991 uenit
672 937 713 991 ad
728 937 876 992 Simonem
895 936 1016 991 Petrum
1036 946 1064 991 et
1080 935 1151 990 aicit
1164 934 1193 989 ei
1205 934 1327 990 Petrus:

341 1016 480 1076 Domine:
507 1021 549 1076 Tu
572 1023 644 1077 mibi
671 1023 754 1080 lanas
769 1023 883 1099 pedes?
909 1023 983 1091 Quis
1006 1022 1082 1078 enirn
1106 1040 1163 1078 non
1185 1024 1354 1096 expaves-5

339 1117 418 1162 ceret
434 1107 533 1163 lavari
547 1110 603 1165 sibi
619 1111 709 1186 pedes
724 1130 741 1166 a
758 1111 817 1166 Dei
829 1110 922 1186 filio?
948 1110 1092 1178 Quamuis
1107 1110 1204 1183 itaque
1219 1125 1329 1184 magne

342 1193 452 1265 suisset
483 1196 606 1252 audacie
639 1199 841 1254 contradicere
872 1215 991 1253 sernum
1015 1197 1144 1263 domino,
1181 1196 1328 1250 bominem

342 1279 415 1349 Deo,
447 1293 543 1339 tamen
576 1284 631 1340 hoc
654 1285 760 1341 Petrus
776 1287 884 1359 jacere
906 1284 1009 1340 maluit
1032 1302 1119 1358 quarn
1140 1282 1265 1358 perpeti,
1298 1292 1328 1335 ut

342 1366 395 1421 sibi
422 1370 513 1444 pedes
544 1371 717 1427 lavarentur
746 1391 765 1427 a
799 1372 927 1427 Domino
958 1382 986 1427 et
1018 1371 1093 1428 Deo.
1132 1370 1194 1426 Nec
1220 1380 1330 1445 putare

342 1454 477 1512 debemus
493 1459 546 1513 boc
562 1458 681 1515 Petrum
706 1461 782 1515 inter
797 1470 910 1515 ceteros
926 1458 1114 1533 formidasse
1137 1467 1223 1532 atque
1245 1472 1330 1511 recu·
1345 1477 1377 1510 ιο

342 1560 431 1614 rasse,
469 1562 533 1600 cum
557 1545 588 1600 ia
610 1547 663 1601 alii
692 1558 760 1603 ante
790 1547 884 1621 ipsum
921 1546 1042 1601 libenter
1069 1545 1116 1600 uel
1137 1543 1331 1620 equanimiter

343 1629 397 1685 ribi
410 1630 485 1706 fieri
504 1633 715 1708 permisissent.
738 1634 868 1690 Facilius
883 1634 988 1709 qnippe
1009 1632 1052 1688 sic
1066 1632 1251 1707 accipiuntur
1273 1631 1330 1686 ista

344 1718 431 1773 verba
464 1721 618 1797 evangelii,
658 1722 723 1796 quia
753 1739 817 1777 curn
851 1721 958 1777 dictum
988 1730 1079 1776 esset.-
1118 1718 1202 1795 Cepit
1225 1719 1331 1774 lauare

340 1806 431 1878 pedet
464 1806 673 1883 discipulorum
697 1819 725 1864 et
748 1821 908 1884 extergere
939 1807 1047 1862 lintheo
1079 1823 1135 1881 quo
1166 1816 1232 1861 erat
1258 1822 1329 1880 pre·

343 1891 462 1963 cinctus,
491 1894 594 1952 deinde
616 1896 796 1951 subiunctum
824 1906 882 1951 est:
915 1894 995 1950 Venit
1022 1911 1097 1970 ergo
1120 1894 1161 1947 ad
1183 1892 1330 1948 Simonem
1346 1896 1377 1947 15

345 1975 473 2048 Petrum,
505 1983 587 2055 quasi
608 1983 752 2058 aliquibus
775 1983 832 2037 iam
856 1981 976 2038 lavisset
997 1991 1025 2037 et
1044 1992 1113 2056 post
1136 1997 1185 2036 eos
1209 1979 1333 2035 uenisset

343 2066 383 2123 ad
402 2067 542 2143 primurn.
571 2070 643 2137 Quis
666 2071 739 2127 enim
764 2069 872 2125 nesciat
892 2069 1022 2145 primum
1045 2067 1244 2143 apostolorum
1268 2083 1333 2122 esse

343 2154 538 2211 beatissimum
556 2156 699 2213 Petrum?
722 2158 780 2214 Sed
803 2175 858 2212 non
882 2157 921 2212 ita
945 2155 1165 2233 intelligendum
1189 2153 1334 2228 estquod

341 2252 408 2317 post
432 2241 545 2318 aliquos
567 2244 607 2299 ad
630 2245 711 2300 illum
742 2244 864 2316 venerit,
895 2244 948 2299 sea
971 2243 1047 2318 quod
1078 2242 1114 2297 ab
1138 2242 1189 2298 illo
1212 2240 1332 2316 ceperit.

349 2331 473 2395 Quando
505 2348 580 2407 ergo
600 2333 690 2408 pedes
721 2332 922 2407 apostolorum
948 2331 1051 2385 lauare
1082 2329 1167 2405 cepit,
1193 2328 1268 2384 venit
1292 2327 1379 2382 atino

345 2434 408 2473 eum
433 2437 450 2473 a
473 2435 528 2493 quo
552 2419 634 2494 cepit,
658 2419 689 2473 id
711 2430 763 2489 est,
787 2419 827 2473 acl
849 2419 979 2487 Petrum,
1003 2428 1030 2473 et
1054 2417 1129 2471 hunc
1145 2417 1251 2471 Petrus
1274 2433 1330 2489 quo

345 2503 435 2561 eciam
459 2505 575 2581 quilibet
599 2524 698 2561 eornm
723 2505 900 2581 expavisset,
924 2504 1044 2580 expauit
1067 2514 1153 2579 atque
1175 2502 1232 2558 ait:
1270 2502 1332 2557 Do-

346 2592 420 2648 mine
443 2603 473 2647 tn
497 2592 585 2649 michi
600 2593 683 2648 lavas
703 2592 816 2668 pedes?
844 2592 923 2659 Quid
938 2609 976 2661 es,
1003 2591 1056 2646 tu?
1078 2590 1147 2665 quid
1163 2600 1205 2646 est
1221 2588 1334 2645 michi?

349 2678 514 2753 (Inpitanda
538 2691 603 2735 sum
626 2679 727 2756 pocius
751 2698 835 2754 quam
861 2679 992 2749 dicenda,
1026 2696 1060 2734 ne
1076 2678 1163 2752 sorte
1194 2677 1271 2751 quod
1294 2692 1334 2732 ex

347 2765 401 2821 lriis
427 2766 521 2823 uerbis
554 2766 734 2841 aliquatenus
758 2767 879 2843 dignum
909 2765 1031 2840 concipit
1055 2765 1162 2831 anima,
1200 2782 1255 2819 non
1279 2765 1378 2819 αι’-25

346 2852 432 2929 plicet
456 2853 567 2927 linpun.

392 2940 449 2997 b'nl
473 2940 622 3017 rospondit
644 2940 728 2995 lesus
755 2952 782 2995 et
811 2940 885 2996 dixit
910 2939 951 2995 ei:
987 2940 1073 3007 Quod
1096 2957 1152 3016 ego
1167 2937 1263 3013 jacio,
1302 2947 1333 2992 tu

348 3026 437 3085 tte-scin
461 3028 557 3097 trunio,
581 3028 653 3083 scies
676 3038 770 3082 aretem
793 3039 904 3102 postea.
928 3027 990 3083 Nec
1006 3038 1102 3083 tamen
1126 3025 1175 3081 ille
1198 3023 1336 3080 dominici

351 3114 431 3185 sinti
452 3113 604 3171 altitudine
626 3114 787 3171 atterritus
812 3114 956 3189 permittit
971 3114 1046 3190 fieri
1074 3113 1151 3189 quod
1174 3130 1228 3168 cnr
1241 3111 1334 3187 fieret

348 3200 514 3275 inminebat,
549 3202 600 3256 secl
630 3218 717 3276 usquo
748 3201 787 3256 nd
808 3219 877 3257 suos
904 3202 993 3276 pedes
1017 3200 1153 3257 humilem
1183 3198 1333 3254 Christum
1346 3203 1380 3254 30

348 3288 442 3345 mun·
466 3307 520 3347 nou
546 3288 605 3344 uult
623 3287 731 3357 nidore,
754 3306 809 3343 non
829 3299 924 3363 potest
946 3288 1096 3344 sustinere.
1122 3287 1188 3342 Non
1212 3284 1334 3356 lavabis,

349 3374 446 3453 tinuit,
481 3376 567 3433 miclti
596 3376 684 3451 peiles
712 3374 739 3430 in
768 3386 908 3435 eternum.
951 3376 1029 3443 Quid
1060 3385 1101 3430 est
1129 3374 1157 3428 in
1180 3372 1336 3430 eternum?

351 3462 513 3539 Nnmqumn
539 3464 592 3521 lnn·
611 3463 726 3537 sorum,
751 3480 904 3537 nnrnqnam
924 3462 1039 3538 pacior,
1063 3479 1218 3536 numquam
1239 3458 1334 3516 sinant

349 3549 412 3613 lm,
440 3552 543 3629 qnippe
567 3550 594 3605 t'n
623 3559 751 3605 otermnn
776 3568 831 3603 non
846 3550 887 3625 fit
908 3550 986 3625 quod
1009 3567 1163 3624 numquam
1179 3546 1228 3626 fit.
1257 3547 1336 3602 Tunc

349 3638 481 3695 solutum·
513 3655 618 3717 eprrnn
652 3637 840 3693 relmtnntom
877 3639 912 3692 elo
943 3637 1033 3712 ipsius
1070 3636 1174 3692 salutis
1203 3633 1380 3711 pericn1035

350 3737 517 3784 exterrens:
547 3725 578 3779 m'
602 3742 657 3780 mm
682 3724 781 3779 loturo
805 3734 841 3791 te,
872 3724 971 3799 inquit,
1003 3741 1058 3778 non
1083 3722 1200 3778 babebis
1218 3731 1334 3797 partem

351 3831 470 3875 nurum.
498 3814 537 3870 lto
564 3811 670 3868 lictum
695 3822 752 3866 ost:
772 3811 817 3866 m·
840 3830 895 3866 non
925 3811 1024 3866 lavero
1049 3821 1085 3882 te,
1118 3828 1183 3866 curn
1208 3809 1243 3863 de
1265 3807 1337 3864 solis

348 3901 468 3977 pellibus
507 3910 659 3977 reperetur,
698 3899 843 3973 qnmnmlo
877 3898 935 3953 dici
964 3897 1095 3953 adsolet:
1137 3897 1243 3952 Calcas
1280 3913 1336 3966 me,

351 3989 465 4063 minucio
496 3988 558 4045 ‚mlo
590 3985 691 4061 plnum
727 3984 867 4041 colentur.
906 3985 944 4040 Ar
976 3983 1026 4040 ille
1053 4002 1155 4041 amore
1183 3994 1211 4041 et
1233 3982 1337 4038 timore

362 4293 766 4391 lqnnwmmbmwms
853 4292 1078 4343 mmmmmm
1160 4289 1335 4346 mAmwm

353 4362 382 4393 m
424 4360 515 4392 ww.

407 4447 869 4519 minmmmlmpmuffi
