3098 5130
189 452 257 497 car.
271 440 377 523 ianr]
473 459 518 507 nr„
537 459 775 510 nurrerrrusro
796 460 859 509 Lru.
878 460 896 509 1.

190 638 238 674 rex
271 617 350 675 venit
379 618 441 675 sine
475 633 576 694 strepa
608 621 715 677 sedens
739 639 829 694 super
862 621 978 678 asinam
1003 635 1032 678 et
1056 623 1170 697 pullum

190 705 284 761 hlium
311 705 487 780 subiugalis‚
511 719 544 763 ut
569 720 651 781 patet
674 707 801 764 Matthei
825 709 901 764 XXI.
935 708 1045 766 Prelati
1069 724 1170 766 autem

190 792 283 850 nostri
309 794 438 867 graviter
463 794 573 851 ferrent
603 795 777 869 pauperiem
804 794 892 850 huius
916 795 1004 869 regis,
1034 815 1090 853 nec
1114 798 1172 855 vel·
1202 809 1253 853 our
1267 810 1367 870 putares

189 881 249 935 lent
283 881 392 936 habere
426 895 576 954 regentem
618 880 859 939 antichristinam
898 882 1172 940 concomitanciam
1200 862 1372 957 cffs‘jtnlsffiffip,

165 968 280 1024 Staieni
305 969 428 1040 ducem3
460 969 527 1025 ideo
552 969 743 1025 manifestum
768 969 887 1025 videtur
910 972 990 1044 quod
1015 970 1044 1026 in
1068 988 1173 1027 amore

190 1068 375 1127 postponunt
408 1057 454 1110 vei
478 1055 576 1112 verius
599 1055 707 1113 odiunt
740 1056 873 1129 regulam
900 1057 988 1113 huius
1011 1057 1104 1131 regis3
1143 1072 1172 1115 et

189 1161 256 1197 cum
281 1161 402 1198 necesse
426 1142 463 1198 sit
488 1145 567 1199 hunc
592 1145 700 1200 ducem
725 1144 770 1199 vel
800 1142 955 1200 diabolum
981 1161 1044 1200 esse
1068 1157 1172 1218 patro·

189 1248 259 1283 num
300 1244 477 1286 cunctorum
513 1229 723 1299 militandum,
768 1247 888 1287 necesse
927 1243 970 1287 est
1015 1245 1173 1288 renuentes

189 1315 342 1372 Christum
368 1316 587 1373 Antichristum
623 1317 732 1391 eligere
760 1330 917 1391 tamquam
943 1320 1061 1387 ducem,
1101 1318 1173 1393 quia

151 1402 375 1475 roerangelium
412 1403 581 1476 predictum
614 1407 693 1460 Luce
722 1405 786 1459 XIV
819 1403 892 1460 dicit
926 1423 1063 1478 expresse
1095 1425 1172 1479 quo-

191 1492 281 1546 modo
306 1490 444 1546 Christus
466 1490 598 1547 affirmat
622 1491 718 1560 illum,
743 1490 793 1565 qui
817 1491 897 1547 venit
922 1492 960 1548 ad
983 1510 1024 1562 se,
1049 1505 1082 1548 ut
1106 1491 1171 1549 reli·

189 1577 308 1649 gionem
345 1596 430 1634 suam
465 1591 624 1652 supportet
658 1590 773 1634 ernon
805 1577 869 1634 odit
893 1578 1030 1652 predicta
1055 1593 1169 1655 septem

189 1683 248 1719 non
273 1677 372 1738 potest
404 1682 468 1720 esse
497 1683 568 1721 suus
592 1663 772 1738 discipulus3
811 1678 839 1721 et
869 1682 938 1721 cum
962 1667 1046 1722 Jesus
1069 1680 1173 1723 noster

190 1750 227 1806 sit
251 1754 332 1807 Deus
356 1751 439 1825 pacis
464 1766 492 1808 et
516 1751 701 1813 dileccionis.
725 1765 808 1825 patet
825 1753 906 1827 quod
923 1770 977 1826 per
999 1752 1169 1827 predictum

150 1837 292 1894 modium
319 1837 497 1912 intelligitur
520 1839 707 1913 postposicio
731 1838 760 1894 in
786 1856 908 1908 amore3
936 1853 965 1896 et
990 1858 1058 1896 curn
1082 1859 1172 1897 nemo

190 1937 286 1998 potest
318 1925 419 1981 venire
443 1928 481 1982 ad
510 1925 640 2000 patriam
663 1925 721 1982 nisi
750 1925 837 1982 fuerit
861 1925 973 1982 Christi
996 1926 1170 2002 discipulus,

189 2011 260 2086 quia
284 2013 371 2068 aliter
388 2032 449 2069 non
468 2014 542 2070 foret
567 2012 664 2069 fidelis
688 2012 734 2069 vel
758 2003 950 2082 christianus,
976 2014 1169 2071 manifestum

190 2098 307 2154 ridetur
331 2101 411 2173 quod
433 2101 504 2156 dum
531 2102 624 2156 homo
648 2099 839 2174 preposuerit
863 2100 908 2156 vel
932 2119 1009 2173 eque
1025 2101 1170 2158 amaverit

189 2186 313 2261 aliquod
338 2189 444 2243 horum
469 2201 595 2261 septem,
625 2186 702 2243 sicut
726 2199 808 2243 amat
831 2187 965 2259 regulam
991 2187 1102 2243 Christi
1126 2189 1171 2244 vel

147 2273 251 2329 nucius
284 2273 559 2335 conversacionem.
600 2293 660 2329 non
696 2287 729 2329 ιιι
762 2273 803 2329 sic
840 2273 976 2348 sequitur
1013 2274 1169 2331 dominum

187 2362 286 2416 lesum
306 2361 459 2417 Christum
485 2362 530 2418 rel
555 2374 598 2418 est
623 2361 653 2415 in
678 2360 725 2417 ria
747 2359 886 2417 veniendi
903 2363 940 2417 ad
965 2361 1095 2434 patriam
1120 2363 1171 2418 sed

188 2446 268 2502 radit
293 2467 346 2520 per
368 2448 446 2505 triam
473 2447 656 2505 contrarium
682 2450 720 2503 ad
745 2447 906 2503 infernum.

233 2534 416 2608 l‘roponitur
439 2536 518 2590 enim
543 2535 652 2591 nostris
669 2533 784 2591 clericis
808 2533 855 2590 via
879 2534 996 2605 bifaria,
1020 2535 1064 2591 vel
1089 2535 1170 2609 quod
1184 2543 1338 2639 hiidem
1340 2544 1380 2640 pp!

187 2636 352 2695 sequantur
385 2622 497 2679 Christi
530 2621 705 2696 pauperiem
739 2635 768 2677 et
807 2621 870 2678 eius
904 2621 1168 2678 conversacionem
1180 2647 1388 2705 cnmrupoveny

146 2708 233 2764 rsuel
257 2712 337 2782 quod
367 2723 533 2783 sequantur
564 2728 675 2783 papam
700 2708 848 2765 cesarium
879 2722 907 2765 et
930 2707 1056 2782 gloriam
1082 2728 1169 2765 mun·
1202 2700 1361 2808 'ndsffi'ssy‘fd'l

188 2795 310 2852 dialem.
344 2797 420 2852 Cum
445 2815 516 2869 ergo
545 2809 714 2870 sequuntur
736 2797 901 2851 secundum
927 2795 1033 2852 relicto
1058 2795 1168 2869 primo,
1178 2804 1245 2859 They
1260 2805 1336 2858 prefer
1350 2808 1388 2848 the

188 2896 271 2956 patet
295 2885 377 2958 quod
399 2883 530 2957 primum
554 2883 662 2940 odiunt
684 2896 717 2938 ut
742 2884 853 2938 malum
879 2882 924 2938 vel
948 2881 1044 2939 eciam
1070 2882 1169 2939 minus
1239 2858 1322 2899 Μ’

189 2971 300 3026 bonum
326 2984 355 3026 et
382 2972 545 3027 secundum
575 2969 703 3042 diligunt
731 2983 885 3043 tamquam
917 2969 959 3025 eis
983 2970 1049 3043 plus
1074 2969 1170 3043 diligi-

188 3057 246 3112 bile
278 3076 312 3113 ac
346 3056 440 3113 eciam
467 3056 561 3130 magis
594 3059 718 3113 bonum.
757 3058 816 3113 Sed
840 3055 908 3130 quis
933 3055 1029 3112 fidelis
1052 3056 1171 3113 dubitat

145 3146 268 3217 toquod
294 3143 350 3200 ista
374 3144 411 3201 sit
439 3143 568 3200 infidelis
591 3142 853 3218 preponderancia
877 3142 907 3199 in
932 3161 1046 3210 amore,
1071 3157 1102 3200 ut
1126 3142 1171 3199 in-

189 3230 364 3287 fidelissima
400 3230 517 3287 ridetur
549 3230 707 3287 excusacio
740 3229 771 3286 in
803 3229 936 3304 peccatis
964 3229 1066 3287 dicere
1089 3232 1170 3305 quod

188 3318 325 3374 Christus
363 3318 415 3391 qui
447 3317 477 3374 in
503 3318 597 3375 Paulo
630 3318 765 3391 regulam
800 3317 883 3374 dedit
907 3316 1024 3374 clericis
1056 3316 1117 3373 suis
1141 3316 1171 3373 in

187 3404 308 3478 scriptis
332 3406 413 3480 quod
439 3405 584 3461 habentes
608 3403 790 3478 temporalia
816 3403 846 3459 in
871 3422 1012 3460 mensura
1037 3421 1171 3477 paupere

188 3505 401 3548 contententur
436 3505 465 3548 et
497 3491 526 3547 in
551 3510 681 3566 persona
714 3490 836 3565 propria
872 3509 907 3546 ac
939 3490 1001 3546 suis
1025 3490 1170 3564 apostolis

145 3579 289 3635 35docuit
323 3579 409 3635 istam
445 3579 547 3649 vitam,
587 3594 614 3635 et
654 3597 721 3634 cum
748 3589 923 3651 contempta
953 3578 1007 3633 hac
1031 3577 1169 3633 doctrina

188 3680 248 3721 tam
274 3665 365 3739 digna
396 3665 564 3740 preeligunt
588 3664 852 3722 conversacionem
877 3663 977 3720 carnis
1000 3665 1168 3720 secularem

189 3772 247 3826 que
272 3753 386 3808 inducit
411 3752 584 3809 hominihus
608 3752 727 3808 notorie
752 3752 846 3808 multa
872 3751 962 3821 mala,
1002 3751 1051 3805 uhi
1076 3769 1170 3825 queso

188 3854 230 3894 est
257 3840 353 3895 maior
378 3853 569 3913 contemptus
593 3837 705 3894 Christi
732 3852 782 3895 aut
808 3837 897 3894 realis
921 3837 1053 3894 locucio:
1079 3839 1170 3894 Nolu-

189 3946 255 3982 mus
280 3930 360 3983 hunc
386 3946 511 3997 regnare
544 3944 722 4000 supernos,
761 3927 813 3982 sed
848 3923 985 3995 eligimus
1020 3926 1168 3998 prelatum

142 4014 334 4083 4ocesarium
371 4014 421 4087 qui
455 4027 498 4070 est
530 4011 733 4070 communiter
761 4011 981 4067 Antichristus?
1021 4013 1056 4066 Et
1091 4010 1170 4066 idem

240 4344 257 4387 3.
274 4349 306 4389 A:
319 4358 454 4401 prrrrmem.
522 4344 583 4397 34.
600 4347 629 4385 lt:
645 4348 786 4388 mernere
802 4342 880 4387 llecte:
896 4343 1025 4386 arverunt.
1094 4341 1121 4384 rh,
1137 4344 1170 4384 A:

184 4399 328 4453 poetroricr'o
343 4400 409 4440 ratic:
486 4410 520 4445 ιι.
536 4400 568 4439 Aa
586 4408 717 4451 pauperem,
786 4394 817 4437 l‘.
833 4398 866 4438 A:
881 4407 910 4438 ac
923 4395 1041 4438 doclrlna.

1039 4468 1067 4516 rll
