3098 5130
208 472 275 516 cnr.
292 461 354 544 Lu]
485 483 529 532 oe
549 483 786 534 uurtcnntsro
808 485 871 535 ue.
891 486 908 533 1.
1352 486 1411 546 ²03

252 643 350 716 Super
373 662 434 716 quo
450 645 641 716 jeronymus:
674 644 797 700 Virtutes
820 645 933 719 (inquit)
956 646 1085 701 celorum
1103 662 1199 701 rnore-
1216 653 1266 696 Tne
1281 667 1374 715 powers
1390 655 1417 697 of

208 730 316 784 btmtur
339 730 530 786 diminucione
553 731 680 802 luminis,
712 732 838 807 alioquin
872 733 998 809 legimus
1021 733 1110 788 solem
1134 748 1198 807 sep·
1210 707 1305 800 §iffi
1321 708 1418 802 ζζέᾎξξὺ

209 817 319 891 tuplum
345 817 511 873 habiturum
546 818 661 874 luminis
691 819 744 874 secl
775 819 997 895 comparacionc
1029 838 1097 875 vere
1128 819 1200 874 lucis
1220 791 1405 906 ffliffi'lgeffi

209 905 304 959 bitinia
322 905 387 959 usui
407 906 574 974 tenebrosa;
596 906 621 959 si
641 906 736 980 itaque
750 907 803 962 iste
817 907 863 963 sol
878 908 927 981 qui
942 925 1016 962 nunc
1029 925 1085 982 per
1108 916 1198 962 totum
1237 915 1274 957 un·
1304 917 1354 978 ton·
1369 920 1393 958 ot

186 993 308 1049 §orbem
334 993 446 1047 rutulat
470 1004 497 1048 et
521 993 660 1067 lunaque
682 995 839 1050 secundum
864 1005 906 1050 est
930 994 1085 1059 lunrinare,
1109 993 1199 1048 eciam
1269 970 1356 1013 ΕΜ·

210 1079 292 1134 stelle
315 1097 369 1153 que
391 1080 430 1133 ad
453 1079 594 1136 solacium
619 1081 710 1136 noctis
732 1100 851 1138 accense
874 1093 939 1137 sunt
962 1098 1116 1156 onmesque
1139 1080 1199 1135 vir-

211 1177 285 1221 tutes
314 1183 385 1239 quas
417 1167 593 1244 angelorum
629 1168 825 1225 multitudines
858 1168 1049 1246 intelligimus
1084 1168 1111 1222 in
1150 1168 1202 1223 ad·

213 1265 296 1308 ventu
317 1253 435 1309 Cltristu
452 1255 665 1329 reputabuntur
687 1256 714 1310 in
739 1257 882 1326 tenebras,
909 1256 1079 1312 decuriatur
1100 1273 1201 1330 super·

213 1340 309 1396 cilium
333 1359 433 1396 eorum
458 1342 552 1417 quise
567 1354 681 1398 sanctos
701 1343 880 1400 arbitrantes
900 1343 1083 1419 presenciam
1100 1342 1203 1398 iudicis

173 1447 268 1487 ration
285 1428 466 1502 sormidam,
492 1431 554 1485 llec
577 1431 765 1502 leronymus.

256 1514 382 1571 Videtur
399 1515 489 1571 istum
507 1531 644 1572 sanctum
665 1516 772 1574 timere
788 1519 860 1574 dare
877 1535 997 1573 sensum
1014 1519 1095 1574 hunc
1118 1535 1202 1574 sacre
1213 1527 1263 1571 The
1280 1540 1322 1570 sun
1338 1530 1358 1570 is
1372 1527 1411 1588 uic

213 1601 361 1675 scripture
385 1605 467 1676 quod
486 1603 623 1660 Christus
639 1603 814 1662 immediate
839 1618 905 1679 post
929 1607 1009 1661 hunc
1026 1622 1199 1678 processum
1227 1581 1406 1676 eppehaptruop

214 1689 359 1763 temporis
391 1691 489 1746 veniet
514 1693 551 1746 ad
577 1691 667 1748 finale
696 1691 841 1748 iudicium
865 1706 917 1748 aut
941 1694 1023 1766 quod
1048 1692 1102 1755 sol.
1130 1692 1201 1748 luna
1213 1686 1269 1729 ΜΠ]
1281 1645 1325 1728 ²¹¹5
1337 1685 1420 1727 vinno.

215 1777 261 1832 vel
284 1790 364 1832 astra
398 1777 453 1833 celi
479 1792 565 1835 erunt
600 1792 671 1834 tunc
695 1779 796 1836 statim
831 1793 899 1852 post
923 1782 978 1836 bec
1003 1777 1202 1854 corporaliter

176 1864 352 1932 i5alterata,
391 1867 444 1920 sed
477 1865 594 1922 videtur
626 1867 715 1923 istum
750 1866 909 1941 concipere
942 1869 1024 1942 quod
1052 1885 1133 1941 papa
1155 1866 1202 1922 vel

215 1950 270 2006 sibi
304 1950 475 2025 equivalens
509 1953 560 2027 qui
593 1953 665 2010 dicit
697 1971 728 2010 se
752 1955 850 2028 ipsum
876 1972 939 2010 esse
963 1967 1055 2028 caput
1078 1952 1202 2011 ecclesie

217 2037 373 2094 militantis
405 2040 618 2097 obscurabitur
651 2040 681 2097 in
714 2040 827 2097 lumine
859 2040 928 2098 fidei
967 2042 1013 2098 vel
1040 2041 1202 2110 virtutum3

216 2126 285 2200 quia
311 2145 379 2182 cum
419 2145 496 2200 pape
520 2127 622 2184 onmia
655 2127 711 2184 ista
749 2128 850 2184 officia
875 2128 987 2184 faciunt
1012 2142 1136 2203 propter
1159 2128 1203 2183 lu-

217 2232 311 2275 crum.
340 2213 501 2271 verisimile
522 2229 566 2270 est
587 2217 669 2288 quod
693 2217 849 2271 subtracto
877 2214 928 2270 illo
952 2217 1037 2272 lucro
1061 2227 1202 2289 percepta

174 2300 350 2358 roversucia
379 2301 556 2357 Antichristi
589 2301 801 2358 obscurabitur
838 2300 892 2358 iste
916 2303 960 2358 sol
998 2304 1099 2377 quoad
1137 2320 1202 2358 sen-

217 2387 334 2444 sibilem
359 2388 572 2462 apparenciam
599 2402 627 2445 et
650 2389 807 2446 veritatem
832 2387 924 2445 diuini
948 2388 1061 2446 iudicii.

263 2478 346 2531 Luna
370 2489 471 2531 autem
496 2488 594 2550 potest
619 2475 744 2548 intelligi
772 2475 946 2551 quicunque
970 2475 1046 2532 alius
1070 2475 1203 2549 prelatus
1218 2485 1269 2529 Tne
1283 2497 1354 2548 moon
1369 2485 1414 2528 and

218 2562 341 2619 ecclesie
358 2576 410 2618 aut
427 2562 593 2637 imperator
612 2564 658 2620 vel
682 2582 730 2620 rex
754 2561 897 2620 notabilis
922 2562 974 2638 qui
998 2563 1054 2619 erit
1079 2575 1204 2637 propter
1224 2538 1416 2633 ⁵222⁵1l²s¹gissfgs⁰r

218 2648 502 2723 sophisticacionem
521 2650 609 2707 istam
622 2668 700 2724 pape
717 2651 762 2706 vel
779 2649 850 2707 solis
862 2649 984 2706 alterius
998 2649 1204 2723 cuiuscunque

177 2737 249 2794 25in
268 2735 416 2810 spirituali
440 2737 557 2795 lumine
580 2739 773 2810 obscuratus;
807 2750 835 2793 et
858 2737 953 2813 stelle,
979 2738 1036 2794 hoc
1060 2750 1113 2806 est,
1138 2753 1204 2810 pre·

219 2823 270 2879 lati
295 2822 346 2897 qui
371 2841 402 2879 se
425 2839 567 2898 reputant
602 2843 728 2898 magnos
762 2826 853 2881 modo
886 2823 917 2880 in
947 2823 1072 2881 ecclesia
1096 2825 1205 2880 cadent

220 2913 256 2967 de
279 2929 333 2965 suo
356 2910 457 2967 officio
474 2911 631 2968 deficiente
655 2913 740 2968 lucro
756 2911 970 2985 temporalium
996 2911 1097 2985 gracia
1121 2909 1206 2967 cuius

220 2999 359 3054 laborant
389 2998 530 3072 precipue
555 3012 583 3055 et
607 2999 731 3055 virtutes
755 2999 900 3069 celorum,
933 3000 991 3055 hoc
1015 3012 1069 3074 est,
1103 2997 1206 3054 fideles

220 3087 256 3140 de
280 3085 406 3141 seculari
435 3085 558 3142 brachio
582 3100 610 3142 et
637 3085 704 3142 aliis
733 3085 868 3160 partibus
897 3084 1053 3143 militantis
1082 3083 1206 3142 ecclesie

179 3175 431 3243 3omovebuntur,
464 3173 690 3230 considerantes
725 3176 807 3247 quod
846 3172 936 3230 nimis
969 3172 1020 3229 diu
1045 3191 1098 3247 per
1122 3169 1206 3227 Anti-

220 3259 322 3314 christi
348 3259 497 3316 versucias
520 3275 589 3316 sunt
605 3259 731 3317 seducti.
756 3264 813 3317 Istc
836 3275 936 3318 autem
962 3279 1065 3317 sensus
1090 3259 1207 3316 uidetur

221 3346 385 3419 probabilis
410 3360 438 3401 et
459 3366 548 3403 sensu
566 3347 653 3403 buius
669 3347 814 3421 evangelii
833 3348 980 3404 catholice
997 3346 1206 3421 applicandus.

264 3434 467 3489 Crisostomus
478 3449 577 3491 autem
590 3453 740 3508 exponens
752 3435 834 3490 illum
847 3449 956 3491 textum
973 3438 1049 3490 leuce
1062 3436 1136 3501 XXI,
1152 3449 1168 3490 2
1173 3448 1206 3505 5:

222 3521 317 3575 Erunt
333 3522 418 3596 signa
436 3522 464 3576 in
474 3522 535 3577 sole
545 3535 600 3579 etc.
624 3523 666 3577 ita
688 3521 773 3578 dicit:
792 3523 906 3591 Statim,
920 3522 1027 3595 inquit,
1039 3533 1105 3596 post
1115 3520 1206 3575 tribu-

180 3617 210 3668 35
223 3609 362 3664 larionem
375 3608 488 3663 dierum
500 3609 618 3663 illorum
642 3610 688 3664 sol
703 3610 906 3664 obscurabitur
922 3620 947 3663 et
966 3608 1033 3662 luna
1051 3627 1105 3663 mm
1130 3607 1209 3661 dabit

223 3695 317 3750 lumen
340 3712 422 3750 suum
450 3706 476 3750 et
496 3696 579 3751 stelle
599 3697 701 3751 callent
726 3697 761 3751 de
782 3696 852 3752 celo.
878 3695 1096 3768 Patresamilias
1118 3694 1207 3749 mori·

223 3792 285 3837 ente
307 3793 367 3838 tota
392 3784 494 3838 domus
517 3783 577 3839 eius
600 3784 746 3853 turbatur,
775 3784 867 3840 omnis
883 3782 1006 3857 familia
1031 3781 1148 3858 plangit
1172 3790 1207 3846 et,

223 3869 374 3925 ccmscissis
397 3870 501 3925 tunicis
523 3871 582 3925 suis
606 3870 709 3947 nigris,
738 3887 769 3925 se
791 3869 924 3944 operiunt
953 3870 1138 3937 vestimentis,
1167 3868 1209 3923 sic

277 4193 291 4221 ι.
317 4182 337 4222 A
358 4180 379 4221 iu
404 4193 489 4230 maru:
508 4179 652 4232 ‚leronymus
729 4180 750 4220 8.
775 4181 808 4222 A:
830 4178 976 4221 decutiatur.
1058 4190 1089 4228 ¹4-
1105 4179 1138 4220 A:
1156 4178 1206 4220 hoc.

224 4231 259 4281 31.
276 4236 295 4273 A
312 4233 334 4274 in
351 4245 437 4284 uturp:
454 4232 618 4274 Crtsostttmus.
687 4230 720 4274 38.
735 4235 768 4274 A:
784 4232 831 4274 suls
845 4232 916 4273 deest.

282 4374 300 4404 r.
331 4359 434 4406 comm.
462 4361 485 4406 in
511 4358 600 4407 Matth.
625 4359 640 4407 1.
664 4374 685 4407 c.
710 4373 768 4424 pag.
800 4374 855 4425 197.
928 4359 968 4420 34.
992 4360 1042 4421 Op.
1067 4358 1131 4422 Imp.
1151 4358 1167 4405 l.
1187 4373 1208 4407 c.

226 4443 284 4491 pag.
304 4426 363 4494 952,
382 4430 441 4494 953.
