3098 5130
548 455 639 506 oeus
658 454 912 505 rvnnourrcuu
934 453 1000 503 ure.
1020 453 1062 503 nr.
1178 433 1261 518 [cur.
1276 447 1327 492 rx.

341 616 410 672 bene
425 626 595 693 operantur,
619 614 671 670 alii
693 616 786 684 male‚·
800 614 853 670 alii
865 614 921 670 sibi
935 614 1045 671 amicos
1060 613 1180 688 faciunt
1196 615 1232 669 de
1247 632 1329 670 nam-

341 720 427 759 moua
450 702 608 780 iniquitatis
623 721 640 758 a
656 702 757 778 quibus
774 701 952 778 recipiantur
968 702 996 758 in
1012 702 1202 759 tabernacula
1218 712 1331 772 eterna,

341 790 444 866 quibus
466 791 594 846 dicetur:
617 789 740 847 Esuriui
761 800 788 846 et
811 789 932 846 dedistis
955 789 1045 846 michi
1066 790 1256 860 manducare,
1279 788 1334 844 alii

341 878 398 933 ista
423 877 576 955 negligunt
598 877 700 954 quibus
725 877 837 933 dicetur
860 877 914 932 ibi:
937 876 1059 933 Esurivi
1080 887 1107 933 et
1130 895 1186 933 non
1211 875 1334 933 dedistis

343 963 431 1020 michi
467 966 656 1025 manducare.
695 964 823 1021 Proinde
849 964 916 1041 quia
945 963 1001 1020 lriis
1031 964 1082 1039 qui
1113 975 1271 1020 versantur
1303 962 1357 1018 inb

343 1051 473 1128 negociis
495 1063 521 1108 et
545 1051 681 1127 operibus
705 1052 788 1107 lruius
811 1052 921 1121 mundi,
945 1051 997 1106 alii
1017 1051 1143 1128 diligunt
1160 1051 1333 1125 benefacere

343 1138 548 1216 indigentibus,
572 1139 625 1195 alii
639 1138 794 1217 negligunt
810 1150 958 1213 tamquam
983 1139 1019 1194 de
1042 1138 1154 1194 duabus
1170 1138 1197 1193 in
1221 1138 1331 1194 molen·

344 1225 422 1298 dino,
447 1244 502 1282 una
526 1238 694 1283 assumetur
725 1237 753 1282 et
775 1245 831 1281 una
860 1226 1049 1300 relinquetur.
1089 1225 1209 1281 Lectum
1233 1236 1331 1280 autem

340 1313 498 1388 prestitum
522 1314 655 1370 arbitror
674 1330 733 1388 pro
748 1313 850 1389 quiete,
875 1312 941 1388 quia
964 1324 1031 1368 sunt
1052 1313 1104 1387 qui
1126 1329 1215 1389 neque
1237 1311 1332 1367 aceio·

343 1418 393 1456 nes
416 1401 518 1457 mundi
535 1401 602 1476 pati
624 1400 732 1472 uolunt,
760 1400 835 1457 sicut
863 1412 930 1456 sunt
953 1399 1104 1476 coniugati
1126 1399 1256 1455 ltomines
1279 1399 1378 1454 lta-10

344 1488 441 1544 beutes
465 1488 576 1558 domos,
594 1486 743 1561 familias,
768 1487 862 1564 filios,
902 1505 992 1562 neque
1014 1487 1126 1563 aliquid
1148 1486 1177 1542 in
1209 1485 1331 1542 ecclesia

344 1586 447 1652 agunt,
483 1575 558 1631 sicut
577 1575 729 1650 prepositi,
766 1574 854 1630 ueluti
876 1575 904 1630 in
932 1574 1120 1652 agricultura
1149 1574 1334 1639 laborantes,-

344 1663 396 1718 sed
420 1662 497 1717 uelut
520 1663 559 1717 ad
582 1662 637 1718 lroc
659 1661 771 1738 infirmi
784 1663 920 1718 secedunt
945 1662 986 1717 ad
1009 1662 1102 1717 ocium
1118 1671 1145 1716 et
1168 1660 1257 1735 quieti
1271 1677 1334 1715 esse

345 1749 472 1825 diligunt
496 1748 585 1804 ueluti
606 1765 750 1804 memores
781 1748 960 1825 infirmitatis
991 1767 1042 1805 sue
1065 1767 1120 1804 uon
1149 1765 1180 1804 se
1203 1746 1333 1804 commit-

346 1846 437 1892 tentes
469 1837 586 1913 magnis
617 1835 781 1892 accionibus
813 1848 840 1892 et
862 1836 1077 1912 quodammodo
1110 1835 1138 1890 in
1172 1845 1267 1890 strato
1291 1834 1332 1888 in·
1348 1839 1377 1887 15

344 1922 502 1998 firmitatis
525 1934 666 2000 rogantes
687 1924 793 1995 Deum,
817 1935 844 1980 et
867 1924 930 1998 ipsa
950 1923 1100 1999 professio
1125 1922 1210 1978 habet
1233 1922 1332 1991 bonos,

346 2010 431 2066 habet
454 2020 480 2066 et
495 2009 604 2086 fictos‚·
630 2010 757 2085 proinde
789 2010 879 2067 eciam
918 2028 956 2066 ex
979 2011 1034 2067 hiis
1066 2027 1140 2065 unus
1168 2019 1334 2066 assumetur

347 2108 373 2153 et
397 2115 470 2153 unus
494 2095 675 2171 relinquetur
697 2098 737 2153 ad
759 2116 956 2173 quameunque
980 2109 1007 2153 te
1026 2096 1243 2173 professionem
1268 2112 1334 2151 con-

348 2185 472 2241 verteris
491 2203 571 2260 para
594 2195 622 2240 te
640 2185 707 2261 pati
718 2185 825 2262 fictos;
848 2184 975 2260 alioquin
999 2185 1025 2241 si
1047 2194 1074 2240 te
1097 2202 1152 2239 non
1165 2181 1333 2259 paraveris,

348 2271 475 2329 inuenies
499 2273 577 2347 quod
600 2290 655 2328 non
679 2273 819 2348 sperabas
842 2284 869 2329 et
893 2272 1007 2348 deficies
1031 2282 1082 2327 aur
1101 2269 1333 2346 perturbaberis.
1346 2286 1381 2320 20

350 2360 412 2417 llec
436 2357 631 2434 Augustinus.

168 2451 298 2507 augustine
390 2445 517 2504 Videtur
540 2445 631 2503 istum
656 2459 792 2504 sanctum
818 2465 872 2521 per
895 2446 985 2503 istum
1010 2457 1122 2501 textum
1148 2442 1335 2518 evangelium

145 2504 330 2602 ‘diffiniit
349 2533 515 2609 intelligere
552 2553 607 2608 per
644 2533 784 2591 ordinem
810 2533 936 2590 clericos
959 2531 1116 2608 operarios
1144 2544 1172 2587 et
1197 2530 1336 2588 dominos
1384 2600 1386 2605 Α

154 2609 316 2706 “ffl'c'hfh‘
349 2622 548 2697 temporales3
588 2634 616 2678 et
640 2621 797 2697 probabile
819 2620 937 2678 videtur
962 2621 1043 2695 quod
1067 2621 1103 2676 de
1128 2616 1228 2693 prima
1252 2631 1337 2693 parte

349 2709 474 2767 ecclesie
498 2707 620 2784 plurimi
645 2707 863 2783 relinquentur,
892 2707 964 2783 quia
987 2708 1127 2764 laborant
1157 2704 1187 2761 in
1212 2705 1382 2765 ecclesiae&

349 2810 475 2872 propter
498 2798 631 2868 lucrum;
656 2795 735 2854 sicut
758 2794 895 2852 inserunt
919 2793 988 2851 illos
1012 2793 1138 2851 clericos
1162 2792 1193 2849 in
1210 2792 1337 2849 ecclesia

350 2882 401 2959 qui
426 2883 557 2959 amplius
581 2884 687 2942 uolunt
712 2885 793 2941 dare.

737 3193 842 3256 CAP.
866 3191 945 3255 LX.

395 3354 537 3430 Sequitur
561 3353 590 3412 in
614 3368 693 3413 textu
714 3354 857 3412 Matthei:
882 3355 1006 3431 Vigilate
1027 3371 1111 3431 ergo,
1135 3352 1201 3427 quia
1225 3351 1339 3407 nescitis

351 3462 405 3521 quta
431 3444 503 3500 lun-a
521 3443 654 3501 dominus
678 3455 773 3499 uester
795 3454 932 3499 uenturus
955 3441 1000 3499 sit.
1028 3439 1105 3495 lllud
1119 3450 1214 3495 autem
1238 3439 1339 3494 scitote
1351 3439 1384 3488 30

352 3531 427 3607 prtia,
453 3531 478 3587 si
500 3531 587 3588 sciret
607 3529 830 3607 paterfamilias
844 3548 900 3606 qna
926 3529 1000 3583 lrora
1015 3528 1076 3602 fur
1100 3537 1239 3582 venturus
1255 3536 1338 3594 esset,

353 3618 490 3696 uigilare!
523 3617 627 3693 utique,
662 3630 692 3673 ut
724 3636 779 3674 non
812 3617 919 3673 sineret
948 3615 1073 3690 perfodi
1103 3614 1220 3669 domum
1245 3631 1338 3668 suam.

354 3705 475 3782 Ideoque
498 3717 524 3762 et
550 3724 598 3761 uos
622 3717 711 3762 estote
730 3705 847 3781 parati;
884 3703 951 3779 quia
974 3721 1030 3777 qua
1055 3702 1128 3757 lrora
1153 3719 1207 3756 non
1228 3699 1340 3776 putatis

352 3792 437 3869 filius
461 3791 585 3850 lromiuis
610 3805 749 3850 uenturus
773 3802 825 3848 est.

407 4163 516 4259 adduxtin
533 4161 754 4215 run-nannenten
855 4161 941 4210 ro.A:
960 4155 1117 4213 Captum:
1141 4157 1169 4199 ss:
1187 4152 1234 4204 lio:
1263 4156 1293 4199 ib.
1310 4155 1337 4198 B:

355 4227 416 4268 rt'flu
448 4229 503 4257 ssu.

409 4376 448 4441 [ln.
468 4373 556 4425 Matris.
576 4373 666 4437 xxtv,
685 4389 716 4439 42
730 4389 798 4438 -24.
