3098 5130
595 482 684 531 oeus
705 480 957 530 avauoaticuu
983 480 1045 530 nia.
1066 480 1106 528 111.
1217 461 1297 546 [cnr.
1314 476 1350 521 u.

366 640 582 697 beatitudinem
608 654 793 713 meruerunt,
822 654 904 714 patet
928 639 1092 696 conclusio.
1122 639 1152 696 Si
1177 638 1256 695 enim
1281 639 1351 696 fuis·

364 741 429 784 sent
454 741 514 784 tam
540 727 700 784 necessarii
732 729 769 785 ad
794 725 1021 784 edificacionem
1047 725 1180 796 ecclesie,
1214 725 1352 783 Christus

365 834 425 872 non
449 814 707 872 introduccionem
734 833 848 884 eorum,
873 816 995 889 quando
1020 814 1086 887 plus
1112 812 1213 869 floruit
1236 826 1265 870 et
1288 831 1352 870 cre-

364 902 405 958 vit
432 901 567 973 ecclesia,
592 901 743 960 tacuisset.
770 904 852 958 Patet
874 919 907 957 ex
933 900 1171 975 omnipotencia‚
1196 918 1229 957 ex
1253 900 1352 957 omni·

365 989 494 1046 sciencia
519 1007 553 1045 ac
578 1008 610 1046 ex
635 1008 752 1046 summa
770 987 976 1045 benivolencia
1000 988 1115 1045 domini
1138 991 1206 1045 Jesu
1224 987 1377 1055 Christi;5

365 1089 393 1132 et
417 1076 459 1132 sic
476 1095 509 1133 ex
526 1076 584 1132 fide
609 1076 757 1133 catholica
776 1075 902 1132 infertur
927 1075 982 1132 ista
1000 1075 1156 1132 conclusio
1181 1075 1350 1132 manifeste.

156 1173 255 1232 canses
271 1171 350 1214 words
409 1165 444 1219 Et
478 1163 677 1220 confirmatur
709 1182 741 1219 ex
776 1163 833 1219 fide
866 1163 1012 1237 evangelii
1037 1165 1103 1220 Joh.
1128 1164 1202 1234 XVl,
1238 1181 1265 1234 7,
1300 1161 1350 1217 ubi

157 1225 341 1319 ¹¹¹¹,f,'.¹0y„1¹,i¹⁰,ssoi⁴⁰
365 1250 503 1306 Christus
535 1250 565 1305 in
591 1269 719 1325 persona
743 1268 867 1306 suorum
893 1252 1101 1323 apostolorum
1131 1249 1204 1305 dicit
1228 1267 1280 1305 sue
1305 1267 1352 1305 ec-

148 1332 244 1385 ³l⁰⁰l⁰¹
260 1329 468 1394 aliens·clesie:
492 1338 625 1412 Expedit
648 1337 726 1392 vobis
750 1350 780 1392 ur
803 1356 858 1415 ego
876 1339 991 1392 aradam.
1017 1338 1050 1392 Si
1071 1337 1145 1392 enim
1163 1355 1217 1392 uon
1241 1337 1350 1406 abiero,

361 1425 526 1500 paraclitus
554 1444 609 1480 nou
638 1424 729 1480 veniet
756 1426 796 1479 ad
826 1442 885 1494 vot,
914 1425 940 1479 si
965 1435 1060 1479 utilem
1089 1424 1197 1494 abiero,
1238 1423 1349 1479 urinam
1366 1443 1396 1474 lo

365 1531 429 1567 eum
452 1513 492 1566 ad
515 1531 574 1569 vos.
602 1511 641 1567 Ex
665 1530 726 1585 quo
742 1523 823 1567 textu
849 1511 951 1567 fideles
968 1510 1091 1568 eliciunt
1114 1512 1196 1585 quod
1213 1510 1351 1565 Christus

366 1597 417 1673 qui
452 1597 591 1672 promisit
623 1597 686 1653 suis
725 1597 863 1655 fidelibus
887 1600 968 1673 quod
1003 1610 1137 1655 maneret
1176 1614 1243 1653 cum
1278 1596 1351 1671 ipsis

365 1704 459 1759 usque
492 1687 530 1741 ad
564 1684 829 1743 consumacionem
865 1685 956 1743 seculi
990 1685 1083 1742 voluit
1116 1697 1263 1758 perpetuo
1287 1683 1351 1740 sine

365 1773 418 1828 tali
443 1772 556 1828 vicario
580 1772 610 1827 in
635 1773 794 1829 celestibus
819 1773 959 1841 residere,
993 1786 1025 1828 ut
1050 1772 1079 1828 in
1116 1770 1351 1828 conversacione

366 1872 456 1933 atque
489 1858 653 1915 affeccione
684 1860 848 1934 aspirando
880 1861 916 1916 ad
941 1858 1061 1915 celestia
1092 1858 1238 1933 colligunt
1262 1857 1395 1914 affec-15

366 1946 484 2002 cionem
510 1964 594 2001 suam
629 1945 658 2002 in
684 1947 813 2003 Domino
837 1960 866 2003 et
889 1966 950 2002 non
975 1964 1028 2020 per
1051 1944 1349 2020 pseudovicariorum

368 2032 529 2107 ypocrisim
564 2035 757 2090 seducantur.
796 2033 892 2090 Aliter
920 2032 998 2090 enim
1024 2046 1125 2107 posset
1149 2032 1351 2089 Antichristus

366 2122 508 2177 seducere
533 2119 704 2191 militantes,
738 2134 767 2177 et
800 2120 940 2194 lingendo
975 2122 1056 2194 quod
1088 2120 1153 2194 ipse
1176 2119 1214 2176 sit
1239 2119 1349 2175 Christi

365 2207 504 2277 vicarius,
537 2227 598 2263 non
621 2210 760 2264 obstante
783 2210 864 2282 quod
893 2207 931 2264 sit
954 2207 1010 2263 sibi
1034 2226 1152 2263 summe
1181 2206 1351 2263 contrarius

367 2296 395 2351 in
420 2294 480 2351 vita
512 2308 540 2351 et
565 2295 711 2365 moribus,
749 2297 868 2351 turbam
895 2295 1080 2351 incredulam
1112 2297 1221 2350 ducere
1245 2296 1282 2350 ad
1308 2293 1396 2348 iri-20

367 2383 493 2439 sernum.
527 2381 637 2438 Christi
671 2382 749 2438 enirn
780 2381 972 2439 conversacio
996 2381 1026 2437 in
1051 2381 1177 2438 ecclesia
1203 2380 1351 2436 militante

366 2471 442 2526 soret
466 2469 590 2526 ecclesie
615 2469 656 2524 illi
675 2469 825 2525 salubrior
848 2488 938 2544 quam
961 2470 1155 2525 conversacio
1179 2467 1247 2524 talis
1264 2486 1350 2542 pape.

367 2560 401 2612 Et
425 2570 526 2612 tamen
544 2556 679 2612 Christus
696 2574 764 2613 vere
781 2556 852 2613 dicit
869 2558 949 2630 quod
968 2556 1023 2611 nisi
1048 2555 1111 2629 ipse
1127 2554 1244 2625 abierit,
1264 2573 1350 2628 para·

367 2644 454 2700 clitus
479 2663 540 2699 non
564 2642 662 2699 veniet
686 2645 724 2700 ad
748 2643 907 2700 ecclesiam
927 2642 1117 2699 militantem.
1142 2645 1179 2697 Et
1203 2656 1349 2716 quantum

367 2733 403 2787 ad
428 2730 566 2804 argucias
589 2730 698 2805 quibus
716 2730 837 2805 lingitur
860 2729 1023 2787 necessitas
1047 2729 1116 2786 talis
1132 2729 1236 2786 vicarii
1262 2747 1349 2804 quem
1363 2731 1394 2781 25

368 2818 469 2874 lideles
493 2817 652 2874 nominant
677 2817 906 2892 Antichristum,
931 2830 1013 2891 patet
1037 2819 1117 2891 quod
1143 2835 1246 2872 earum
1271 2817 1351 2873 solu-

367 2904 413 2960 cio
439 2924 498 2960 non
523 2918 567 2961 est
591 2903 681 2978 digna
704 2904 860 2961 memoria.
885 2906 991 2961 Petrus
1014 2904 1093 2960 enim
1119 2914 1145 2960 el
1168 2903 1259 2960 celeri
1280 2921 1350 2978 apo-

368 2992 436 3046 stoli
458 3010 527 3047 cum
546 2991 701 3048 Clemente
725 3005 753 3048 et
770 2991 877 3048 ceteris
894 2990 1082 3048 adiutoribus
1106 2989 1136 3046 in
1154 2989 1211 3046 fide
1228 2988 1349 3046 Domini

367 3096 420 3133 uon
444 3079 571 3153 suerunt
596 3097 674 3154 pape
696 3081 747 3134 sed
780 3078 854 3135 socii
885 3092 913 3135 et
937 3079 1164 3153 quodammodo
1188 3076 1242 3132 Dei
1266 3075 1351 3132 adiu·

366 3177 447 3220 tores
471 3165 507 3220 ad
533 3164 735 3222 edificandum
761 3184 845 3222 suam
871 3165 1040 3222 ecclesiam.
1363 3167 1395 3217 30

157 3243 356 3340 {pofflebffiffi
409 3251 518 3307 Tereia
543 3252 696 3308 conclusio
721 3266 765 3310 est
789 3254 856 3309 hec:
883 3252 1008 3309 Racioni
1032 3264 1177 3308 consonat
1207 3264 1235 3306 et
1259 3249 1351 3324 scrip-

165 3352 338 3404 wnnonrpope
367 3351 433 3394 ture
458 3340 539 3412 quod
564 3357 623 3394 non
656 3339 799 3396 existente
833 3359 911 3413 papa
935 3339 1038 3414 aliquo
1065 3340 1111 3395 vel
1135 3336 1281 3395 cardinali
1306 3338 1352 3393 vel

177 3415 205 3444 ‘¹‘
220 3403 324 3457 pietates.
368 3444 496 3500 persona
529 3425 631 3500 aliqua
664 3428 701 3482 de
725 3427 782 3483 hiis
805 3426 894 3483 sectis
929 3439 1061 3503 quatuor
1088 3424 1268 3482 introductis
1291 3443 1351 3480 non

369 3511 469 3568 minus
502 3515 553 3568 scd
583 3512 780 3587 probabiliter
809 3514 916 3570 melius
944 3527 1036 3571 staret
1066 3512 1198 3569 militans
1226 3510 1351 3568 ecclesia

368 3600 398 3655 in
430 3599 489 3656 lide
522 3612 550 3656 et
574 3600 734 3657 virtutibus
762 3619 854 3675 quam
880 3603 971 3658 modo
1003 3613 1070 3659 stat.
1106 3602 1191 3656 Patet
1219 3617 1252 3656 ex
1281 3602 1394 3654 con-35

369 3687 503 3744 elusione
527 3687 662 3760 proxima
678 3702 706 3744 et
724 3687 872 3762 principio
896 3687 966 3743 fidei
991 3700 1080 3761 capto
1097 3705 1130 3743 ex
1155 3684 1352 3743 ordinacione

369 3774 484 3831 domini
516 3776 584 3830 lesu
609 3774 730 3831 Christi.
769 3774 864 3831 Aliter
896 3774 975 3831 enim
1001 3773 1137 3830 Christus
1161 3771 1352 3847 culpabiliter

369 3860 534 3918 dimitteret
571 3860 642 3917 istas
666 3875 762 3917 sectas
791 3877 820 3918 et
843 3879 876 3917 ex
909 3861 1016 3918 effectu
1050 3862 1106 3918 hoc
1139 3850 1218 3916 idem
1243 3857 1350 3929 evidet,

369 3966 437 4004 cum
461 3947 635 4006 notabiliter
659 3947 750 4004 crevit
768 3947 894 4004 ecclesia
918 3961 1080 4023 antequam
1105 3947 1161 4004 iste
1184 3959 1265 4003 secte
1290 3945 1350 4002 fue·

369 4049 435 4092 rant
459 4035 645 4105 introducte3
685 4049 713 4091 et
736 4036 900 4091 secundum
926 4049 1046 4108 tempus
1078 4035 1159 4110 quod
1192 4033 1247 4090 iste
1270 4045 1395 4100 secteao

368 4123 435 4197 plus
452 4135 607 4179 creverant
619 4122 648 4178 in
660 4121 719 4179 side
735 4136 763 4178 et
780 4122 976 4179 observancia
992 4121 1064 4194 legis
1076 4121 1208 4190 Domini,
1225 4118 1352 4178 ecclesia

369 4430 377 4471 1
422 4389 451 4472 'di'
472 4378 505 4471 A:
526 4376 596 4417 aliter
615 4388 667 4418 riou.
749 4374 778 4419 31.
800 4377 820 4418 A
842 4376 864 4419 in
886 4386 972 4427 maru:
1001 4374 1083 4418 Tereia
1104 4375 1238 4423 eruiclusr'o,¹
1260 4374 1291 4416 ib.
1315 4374 1348 4416 A:

376 4442 409 4472 rec
439 4442 495 4471 ees.
