3098 5130
167 448 361 536 caninus]
447 469 492 521 or.
512 466 751 522 ANTICHRtSTO
771 470 834 521 Lm.
855 471 872 521 1.

166 645 304 705 tempore
328 630 402 706 legis
425 632 527 707 gracie
551 651 685 690 recessus
710 647 816 691 vocate
840 631 964 691 ecclesie
988 632 1081 690 avita
1098 628 1178 691 sua'

165 719 314 794 significet
347 720 587 778 destruccionem
623 719 756 779 eiusdem
793 720 917 778 ecclesie
950 735 979 778 et
1012 739 1155 778 consum·

166 806 338 865 macionem
363 806 534 882 improbam
558 807 745 865 Antichristi.

210 896 296 951 Unde
313 895 540 953 Chrisostomus
555 913 646 970 super
662 896 742 952 hunc
759 909 871 952 textum
889 893 1016 953 Matthei
1034 893 1154 951 Omelia
1187 905 1354 963 chrysostom:

140 980 272 1039 §ultima
310 981 353 1038 sic
385 982 536 1057 loquitur:
574 984 713 1058 Superius
752 983 906 1060 ingressus
937 993 979 1040 est
1011 982 1156 1039 Dominus

164 1069 301 1144 ternplum
329 1088 452 1143 querens
479 1071 660 1127 sanctitatem
691 1071 800 1146 templi,
830 1071 883 1126 sed
910 1088 974 1125 cum
999 1070 1026 1124 in
1050 1068 1156 1144 templo

164 1156 236 1210 nihil
258 1156 400 1213 inveniret
419 1158 573 1233 proprium
597 1157 703 1232 templi,
728 1175 866 1235 egressus
889 1158 925 1212 de
947 1156 1063 1233 templo,
1089 1156 1157 1226 ibat,

163 1244 230 1317 quia
259 1243 422 1319 edificatum
457 1245 570 1319 quidem
598 1246 694 1300 stabat
726 1245 804 1319 quod
831 1254 991 1300 erexerunt
1018 1243 1157 1314 homines,

164 1330 302 1401 sanctitas
331 1349 402 1387 vero
429 1331 575 1388 ceciderat
606 1348 691 1405 quam
722 1341 931 1387 construxerat
955 1331 1045 1388 Deus.
1079 1330 1156 1384 Nam

125 1436 154 1468 ιο
165 1416 301 1493 templum
326 1418 474 1474 hominum
498 1429 539 1475 est
555 1417 704 1494 edificacio
720 1418 849 1493 lapidum
862 1418 967 1493 pulcre
982 1416 1139 1493 composita
1148 1437 1158 1486 ;

165 1505 301 1580 templum
329 1516 424 1561 autem
450 1505 506 1562 Dei
534 1516 576 1561 est
603 1506 801 1583 congregacio
829 1504 987 1561 electorum
1018 1503 1158 1581 religiose

164 1608 416 1648 conversancium.

209 1679 271 1735 Ibat
304 1680 340 1735 de
373 1679 478 1754 templo
502 1681 606 1754 foras,
637 1678 668 1734 id
699 1691 751 1748 est,
783 1679 819 1734 de
845 1678 946 1734 Iudeis
974 1679 1014 1733 ad
1045 1689 1156 1755 gentes.
1194 1708 1348 1754 cnnstwem

165 1767 228 1822 Ibat
250 1784 306 1821 non
328 1767 422 1822 solum
447 1784 571 1842 corpore
597 1767 650 1822 sed
678 1766 826 1822 voluntate
849 1766 995 1824 recedens,
1029 1764 1106 1821 Ecce
1133 1765 1160 1820 si
1206 1763 1336 1857 ⁰:¹¹⁰slllje

125 1858 153 1906 15
160 1871 234 1928 pars
257 1853 354 1927 aliqua
371 1854 475 1910 domus
488 1853 588 1928 suerit
610 1853 717 1922 decisa,
741 1871 805 1909 cum
830 1853 931 1908 labore
954 1863 1049 1908 tamen
1062 1851 1157 1927 possi·
1181 1866 1195 1909 i.
1210 1827 1360 1910 efiiiini'nre

165 1940 221 1996 bile
243 1951 286 1996 est
309 1952 338 1997 ut
363 1952 527 2015 reparetur.
554 1940 587 1994 Si
605 1950 701 1996 autent
718 1940 809 2015 ipsum
818 1939 1048 2014 fundamentum
1056 1938 1157 2013 suerit
1193 1919 1344 2015 'ecvssssssifffi‘fw

166 2039 396 2102 conquassatum,
420 2027 490 2102 quid
503 2027 599 2101 saciet
618 2026 847 2102 paterfamilias,
872 2026 928 2082 nisi
940 2027 1027 2102 sorte
1048 2026 1076 2080 in
1094 2025 1157 2082 loco

165 2113 222 2170 alio
257 2132 330 2169 nova
354 2114 454 2189 saciat
477 2114 676 2189 fundamenta
705 2124 732 2170 et
755 2113 867 2188 lapides
891 2114 926 2168 de
949 2113 1049 2189 priori
1070 2114 1156 2168 donno

164 2211 364 2257 transvertens
373 2200 461 2256 aliam
474 2200 529 2257 sibi
537 2200 648 2276 edificet
659 2200 800 2256 donnum?
811 2200 859 2255 Sic
869 2211 896 2255 et
908 2199 935 2255 in
945 2199 1158 2275 spiritualibus;

123 2309 155 2341 ιο
165 2287 192 2343 si
216 2288 329 2362 quidem
354 2287 514 2364 populares
536 2287 732 2363 peccaverint,
761 2305 818 2363 per
841 2286 1031 2362 penitenciam
1064 2286 1159 2342 corri-

163 2386 289 2452 gentur;
318 2375 346 2430 si
375 2386 470 2431 autem
494 2373 695 2431 sacerdocium
729 2374 820 2449 ipsum
845 2373 945 2448 suerit
977 2372 1158 2450 dissipawm,

166 2463 243 2536 quod
274 2473 316 2517 est
344 2462 447 2537 populi
463 2463 703 2536 fundamentum,
739 2461 808 2535 quid
833 2460 931 2534 jaciet
953 2459 1060 2516 Deus?
1092 2460 1159 2516 Hac

167 2548 284 2605 racione
305 2560 421 2626 gentem
443 2549 566 2605 Iudeam
592 2547 757 2622 relinquens
779 2547 807 2602 in
831 2547 889 2603 alio
913 2546 985 2619 loco,
1010 2546 1040 2601 id
1055 2557 1106 2617 est,
1130 2546 1158 2601 in

166 2635 260 2692 medio
281 2635 417 2714 gencium
442 2636 657 2706 universarum,
682 2653 756 2691 nova
775 2629 873 2711 posuil
887 2634 1098 2709 fundamenta,
1128 2633 1159 2688 id

124 2727 216 2792 mest,
240 2723 387 2798 apostolos
410 2735 438 2779 et
460 2741 560 2779 omnes
583 2723 680 2793 bonos,
704 2723 888 2796 transferens
912 2720 961 2796 qui
970 2722 1098 2795 juerant
1120 2736 1159 2776 ex

165 2809 274 2879 Iudeis,
300 2810 411 2866 dicente
428 2809 588 2886 propheta:
615 2809 834 2866 Convertuntur
856 2809 897 2863 ad
920 2824 965 2863 rne
988 2807 1037 2883 qui
1058 2807 1158 2862 timent

166 2908 201 2952 te.
228 2897 343 2952 Novam
359 2897 415 2953 sibi
427 2897 505 2973 fecit
528 2896 677 2953 ecclesiam
702 2907 730 2951 et
752 2906 898 2951 ammonet
921 2894 1003 2950 illam
1028 2906 1058 2951 ut
1080 2894 1159 2951 sicut

167 2984 289 3039 mutavit
321 2984 426 3056 locum,
459 2994 548 3040 mutet
580 2991 608 3041 et
631 3001 738 3055 mores,
767 2983 865 3039 dicens
888 2999 945 3057 per
967 2981 1158 3057 proplietam:

165 3070 245 3126 Audi
263 3070 331 3148 filia
359 3081 385 3127 et
413 3072 479 3127 vide
505 3081 532 3127 et
556 3070 660 3126 inclina
688 3087 790 3125 aurem
815 3080 905 3139 tuam,
939 3078 965 3125 et
988 3067 1159 3125 obliviscere

124 3173 156 3222 30
162 3159 300 3233 papulum
334 3169 414 3214 tuum
443 3169 470 3213 et
503 3159 619 3214 domum
647 3156 743 3232 patris
772 3156 815 3212 tui
841 3168 867 3212 et
895 3155 1074 3231 concupiscet
1103 3172 1160 3212 rex

165 3245 287 3320 speciem
320 3255 408 3300 tuam.
444 3245 507 3300 Ibat
540 3263 685 3320 nunquam
718 3244 758 3298 ad
786 3243 860 3300 illud
886 3242 1024 3319 templum
1052 3242 1158 3299 iterum

168 3350 360 3401 reversurus;
387 3332 444 3387 iam
473 3331 547 3388 enim
573 3330 771 3387 maledixerat
794 3331 828 3402 ei,
857 3329 969 3388 dicens:
1002 3330 1157 3406 Nunquam

167 3436 206 3475 ex
229 3430 257 3475 te
270 3420 396 3493 fructus
419 3430 567 3475 nascatur.
591 3419 760 3496 synagoga
783 3416 857 3474 enim
881 3429 946 3474 erat
968 3416 1019 3472 illa
1027 3415 1158 3493 ficulnea
1169 3451 1221 3495 Tne
1236 3464 1370 3508 synagogae

167 3516 272 3562 ornata
293 3505 381 3580 soliis
404 3516 432 3561 et
450 3505 605 3580 fructibus
628 3522 736 3574 vacua,·
757 3522 812 3579 que
835 3506 929 3561 arbor
952 3504 1105 3559 videbatur
1132 3514 1159 3559 et
1175 3505 1272 3600 litefimei
1288 3507 1370 3583 purten

126 3605 223 3656 35non
247 3603 312 3648 erat
335 3592 390 3648 nisi
404 3592 561 3671 figuralis,
585 3593 638 3647 sed
661 3602 725 3649 erat
748 3609 909 3670 synagoga
934 3589 1023 3647 realis
1042 3590 1116 3646 sicut
1133 3601 1159 3645 et
1190 3649 1192 3654 s
1237 3569 1251 3612 Ε
1275 3569 1319 3600 '²⁶'

166 3679 269 3748 Iudea,
287 3696 340 3753 que
357 3680 444 3736 verba
467 3679 630 3736 sanctitatis
648 3680 789 3754 portabat
812 3689 839 3734 et
855 3696 944 3753 opera
963 3676 1080 3752 pietatis
1102 3695 1158 3732 non

168 3766 306 3835 habebat;
328 3784 382 3840 que
406 3767 560 3823 videbatur
577 3765 702 3843 populus
726 3765 792 3836 Dei,
816 3783 872 3821 non
895 3775 992 3820 autem
1016 3775 1097 3832 erat,·
1119 3763 1159 3818 ad

168 3870 252 3927 quam
287 3853 361 3909 venit
395 3850 531 3911 Christus
562 3853 700 3909 esuriens.
744 3851 881 3908 Christus
912 3851 938 3907 si
959 3850 1033 3907 enim
1058 3850 1159 3921 esurit,

220 4165 243 4203 n.
258 4153 280 4195 Α
295 4153 318 4194 in
335 4163 420 4207 marga
443 4151 606 4195 Crisostornus.
679 4163 708 4194 12.
724 4149 814 4194 Codd.:
829 4161 978 4194 conversans.
1038 4159 1069 4203 ¹7·
1084 4147 1157 4208 Asin

169 4203 241 4247 deest.
296 4202 325 4247 31.
342 4205 370 4247 B:
386 4205 493 4260 templum
508 4206 580 4247 deest.
644 4201 678 4247 35.
694 4202 783 4249 Codd.:
799 4203 878 4247 uisi—
889 4202 960 4245 realis
973 4200 1045 4244 deest.
1061 4199 1158 4244 Addidi.

220 4363 245 4410 4.
265 4348 317 4412 Op.
336 4348 401 4412 lmp.
419 4346 436 4396 l.
458 4362 479 4396 c.
499 4363 524 4411 p.
543 4348 594 4413 939
613 4345 761 4409 (cxcvii).
808 4343 849 4394 26.
869 4344 965 4394 Psalm.
986 4343 1098 4405 clevill,
1116 4341 1157 4391 80.

172 4432 211 4484 ²9·
233 4417 330 4466 Psalm.
350 4418 441 4470 xilv.
465 4432 502 4471 ιι.
527 4431 564 4465 12.
637 4418 676 4466 32.
697 4414 785 4464 Manli.
808 4415 873 4475 xxt,
896 4430 933 4480 ¹9·

1020 4499 1054 4564 7*
