3098 5130
171 509 237 553 car.
254 495 372 580 xxxvi]
461 512 505 563 ne
525 510 763 563 suricnatsro
784 511 848 564 tra.
868 512 885 562 t.

170 689 309 732 naturam
343 674 495 731 extollitur
529 692 620 748 super
651 674 816 744 Christum,
855 673 927 749 quia
960 689 1075 732 certum
1111 689 1155 732 est

170 765 252 837 quod
263 762 401 834 Christus
414 781 476 818 non
490 761 587 836 potuit
598 761 629 818 in
641 761 692 818 illa
709 780 802 837 opera
818 761 920 818 taliter
938 764 1154 820 conversanda.

213 849 443 907 Considerando
470 867 543 923 ergo
575 849 776 906 eminenciam
806 847 892 905 istius
921 850 1039 922 peccati
1063 868 1154 924 supra
1187 862 1345 961 ttisprteeis

169 936 360 994 luciferinam
393 936 566 1010 superbiam
600 935 717 993 videtur
755 937 836 1011 quod
875 935 956 993 istud
995 950 1153 1011 peccatum
1187 918 1351 1024 ,ξ’(ζξῧῑζῇὴξῗξ,

145 1023 290 1098 §attingit
305 1042 401 1098 usque
425 1025 463 1080 ad
485 1042 638 1080 summum
656 1026 784 1095 gradum
803 1022 923 1079 malicie
939 1024 971 1079 in
988 1026 1154 1097 peccand0,

170 1124 198 1168 et
230 1112 273 1167 sic
304 1112 356 1168 illa
384 1111 480 1168 stacio
510 1125 538 1167 et
566 1113 733 1168 succedens
762 1109 855 1167 sessio
883 1109 1024 1168 videntur
1046 1125 1154 1169 notare

169 1198 251 1255 illam
281 1198 474 1255 inflexibilem
502 1197 675 1272 superbiam
705 1198 736 1254 in
766 1200 904 1253 Romano
937 1198 1081 1271 pontifice
1111 1198 1155 1254 in-

169 1287 320 1343 duratam.
345 1285 403 1354 Qui
428 1303 500 1360 ergo
523 1284 593 1358 legit
618 1285 883 1342 conversacionem
902 1284 1013 1342 Christi
1038 1286 1154 1342 cunctis

171 1372 298 1430 maliciis
331 1372 360 1428 in
394 1373 519 1429 ecclesia
553 1372 770 1429 consumendis
802 1370 949 1445 intelligat
978 1374 1060 1447 quod
1093 1391 1154 1429 non

129 1459 262 1516 roalcius
300 1478 392 1534 quam
431 1478 485 1534 per
522 1458 610 1516 istam
644 1459 806 1534 ypocrisim
843 1460 1015 1516 consumari
1054 1473 1154 1533 potest

169 1547 289 1604 malicia
318 1560 425 1604 contra
450 1546 614 1604 Christum.
645 1547 720 1616 Quis
748 1565 819 1620 ergo
849 1545 925 1604 soret
948 1547 1154 1603 Antichristus

169 1634 224 1690 nisi
250 1633 388 1691 diabolus
412 1633 513 1691 taliter
536 1634 700 1691 exaltatus?

210 1721 319 1778 Videat
362 1740 435 1795 ergo
477 1720 604 1795 diligens
643 1721 712 1778 fidei
751 1736 958 1796 perscrutator
996 1722 1154 1797 quomodo
1212 1748 1323 1793 Comensi

167 1808 276 1866 veritas
309 1809 391 1866 utilis
426 1807 551 1865 ecclesie
579 1808 609 1864 in
638 1808 760 1866 Christo
789 1811 932 1868 continue
962 1809 1096 1866 rutilavit
1124 1800 1366 1898 εῑζξξὲξῖζξζῐῑζῐ

129 1897 324 1969 riquomodo
352 1895 467 1953 falsitas
495 1913 607 1952 nocens
636 1896 762 1954 ecclesie
791 1896 821 1953 in
851 1898 908 1953 isto
931 1915 1010 1971 papa
1035 1896 1153 1954 cesario
1325 1867 1361 1910 p.

169 1984 207 2039 ad
231 1996 448 2040 nocumentum
474 1982 570 2040 tocius
595 1983 720 2040 ecclesie
744 1984 935 2057 germinavit.

211 2073 247 2125 Et
265 2070 330 2145 capi
356 2084 454 2144 potest
479 2070 678 2127 confirmacio
702 2071 868 2144 probabilis
892 2071 977 2127 istius
1000 2070 1154 2128 sentencie

167 2176 200 2213 ex
228 2171 298 2214 octo
330 2157 442 2214 Christi
475 2156 705 2214 condicionibus
739 2158 899 2216 contrariis
939 2157 1027 2213 huius
1064 2175 1151 2231 pape.

168 2244 304 2301 Christus
339 2245 419 2301 enim
448 2244 504 2302 luit
535 2264 652 2301 summe
682 2245 805 2302 humilis
834 2259 862 2303 et
886 2247 987 2320 quoad
1016 2245 1153 2301 seculare

126 2331 336 2388 rodominium
364 2351 482 2389 summe
511 2351 644 2406 pauper:
682 2352 761 2410 papa
800 2344 896 2389 autem
931 2333 1047 2388 videtur
1079 2332 1154 2387 inter

167 2419 296 2475 homines
341 2438 452 2475 smnme
497 2421 590 2475 elatus
637 2431 663 2475 et
699 2439 811 2475 smnme
856 2420 1007 2474 dorninms
1057 2421 1154 2494 quoad

167 2508 315 2564 terrendum.

167 2592 304 2649 Christus
333 2593 388 2649 fuit
421 2593 565 2649 allevians
602 2611 688 2649 suam
722 2593 895 2651 ecclesiam:
939 2612 1018 2669 papa
1057 2603 1153 2649 autem

168 2681 279 2736 videter
311 2692 370 2735 tam
400 2681 428 2735 in
459 2699 490 2735 se
523 2699 608 2755 quam
638 2681 666 2735 in
698 2682 758 2737 sitis
790 2682 854 2737 aliis
888 2699 999 2737 summe
1036 2681 1154 2736 ecclesie

123 2768 154 2818 25
166 2786 315 2828 onerosus.

210 2854 346 2912 Christus
379 2854 475 2910 noluit
509 2853 590 2911 circa
623 2855 805 2928 temporalia
840 2853 994 2929 adquisita
1027 2853 1152 2911 ecclesie

165 2960 218 2998 sue
250 2960 304 3016 per
336 2959 469 2998 cesarem
512 2944 564 2998 sed
597 2941 678 2999 circa
717 2941 888 3015 spiritualia
931 2940 1027 3016 magis
1066 2940 1152 2998 utilia

165 3028 323 3103 occupari:
348 3047 428 3104 papa
453 3039 548 3085 aretem
582 3029 699 3086 dimittit
722 3030 941 3105 occupacionem
966 3029 1044 3085 circa
1066 3029 1153 3105 spiri-

165 3117 255 3172 tualia
289 3127 315 3172 et
338 3117 416 3172 circa
441 3116 615 3191 temporalia
638 3129 787 3191 tamquam
822 3135 888 3172 ceca
913 3117 993 3192 talpa
1019 3117 1101 3172 docet
1125 3116 1152 3171 in

124 3207 195 3259 lose
218 3214 245 3259 et
268 3203 335 3259 aliis
359 3204 506 3278 occupari.

209 3291 347 3348 Christus
386 3289 533 3347 circuibat
578 3291 718 3364 pedester
757 3289 911 3366 oppressis
958 3289 1152 3347 benefaciens

167 3391 258 3452 atque
281 3397 407 3435 sanans:
442 3396 522 3454 papa
555 3377 661 3434 residet
690 3390 837 3454 tamquam
866 3379 944 3433 alter
971 3378 1102 3434 Cosdroe
1125 3378 1152 3432 in

165 3484 217 3520 suo
240 3478 411 3541 smnptucso
439 3465 559 3541 palacio
592 3482 631 3521 ex
662 3466 840 3541 spoliacione
868 3483 1034 3542 pauperum
1050 3465 1152 3539 sabri-

165 3564 230 3607 cato
254 3564 281 3607 et
304 3552 452 3627 malefacit
474 3553 662 3628 pauperibus.

124 3642 153 3692 35
210 3638 347 3696 Christus
380 3638 474 3713 gratis
507 3639 590 3697 dedit
618 3638 759 3697 fidelibus
788 3639 945 3715 spirituale
974 3637 1151 3711 suffragium

166 3739 194 3783 et
219 3741 281 3783 tam
307 3728 398 3783 verbo
415 3745 507 3800 quam
525 3745 616 3802 opere
638 3728 742 3784 docuit
759 3741 918 3801 peccatum
943 3725 1151 3799 symoniacum

165 3813 355 3871 evitandum:
376 3832 455 3890 papa
479 3826 573 3870 autem
591 3814 675 3889 salse
688 3815 783 3894 fingit
807 3827 833 3870 et
856 3832 925 3870 care
949 3813 1045 3869 vendit
1069 3831 1154 3868 voca-

164 3912 224 3956 tam
249 3901 404 3977 spirituale
432 3903 609 3979 suffragium
640 3912 667 3957 et
690 3903 718 3956 ia
741 3921 793 3957 sua
814 3901 947 3976 practica
972 3900 1154 3980 dogmatizat

165 3990 308 4063 quomodo
332 3989 536 4066 symoniacum
557 4000 709 4065 peccatum
733 3989 771 4044 sit
794 3989 903 4044 licitum
928 4000 954 4043 et
978 4006 995 4042 a
1017 3987 1074 4042 sibi
1087 3986 1154 4042 sub·

120 4102 154 4149 4⁰
165 4075 233 4132 ditis
247 4077 509 4151 frequentandum.

217 4207 429 4259 14.B:rutulavit.
484 4208 726 4261 17.Ainmara.:r.
781 4204 1023 4259 23.Ainmnrg.:2.
1079 4205 1152 4249 ath

165 4259 291 4312 lamara:
306 4273 332 4313 3.
386 4259 634 4314 31.Ainmarg.:a.
664 4258 912 4312 35.ntnmarp.:s.

223 4349 260 4386 ru.
280 4334 308 4383 ln
328 4344 437 4383 tractatu
458 4334 496 4382 De
516 4333 621 4382 Christo
640 4344 666 4382 et
684 4348 733 4381 suo
753 4333 901 4381 adversario
920 4331 1080 4380 Antichristo
1100 4333 1152 4390 (ed.

166 4391 333 4466 Budd'ensieg
354 4419 412 4467 pag.
432 4402 494 4469 679]
513 4414 588 4452 autor
617 4419 664 4463 „cx
688 4400 739 4451 lide
762 4404 887 4465 scripture
911 4402 1053 4450 duodecim
1077 4415 1153 4450 casus

166 4473 244 4533 elicit,
264 4474 290 4521 in
309 4473 406 4537 quibus
425 4488 492 4538 papa
512 4484 552 4522 est
570 4473 715 4521 contrarius
733 4473 795 4521 lesu
814 4471 945 4520 Christo”.
