3098 5130
171 494 240 539 cue.
261 481 345 564 ssu]
464 501 508 550 os
528 497 765 552 uustcustsTo
786 503 850 553 Lus.
870 502 887 552 1.

171 659 246 715 iusta
271 661 435 730 uideretur,·
466 673 493 718 et
521 663 607 719 aliter
639 681 794 737 numquam
828 663 937 720 diceret
965 663 1060 719 Deus:
1102 665 1160 733 Qui

167 748 294 822 percutit
317 748 419 804 baculo
444 750 505 805 odit
518 750 618 825 filium
641 769 736 811 suum.
770 751 846 806 Nam
882 761 908 806 et
931 751 1002 806 alibi
1028 770 1084 806 non
1107 752 1158 807 ab·

169 835 263 891 solute
286 835 369 891 dicit:
397 836 456 905 Qui
470 837 563 893 iratus
572 837 671 911 fuerit
685 837 785 912 sratri
799 855 861 909 suo,
886 856 953 894 reus
971 839 1027 894 erit
1042 838 1157 909 iudicio,

169 923 221 977 sed
243 923 269 978 si
291 924 351 978 siue
378 942 465 980 causa
489 924 583 979 iratus
598 925 705 999 suerit.
731 925 812 982 Sicut
835 925 908 981 euim
934 926 1008 982 iusta
1033 927 1077 980 ira
1102 943 1157 981 non

147 1018 211 1067 §est
235 1011 280 1064 ira
309 1012 361 1064 sed
389 1011 556 1088 diligencia,
585 1012 627 1067 sic
651 1012 724 1067 iusta
754 1013 905 1087 percussio
939 1031 994 1068 nou
1027 1024 1068 1069 est
1088 1031 1157 1090 per-

170 1098 263 1152 cussio
287 1098 339 1152 sed
361 1099 522 1175 correpcio.

213 1184 398 1241 Mauducare
420 1197 447 1241 et
471 1186 567 1241 bibere
582 1186 623 1242 sic
647 1186 869 1264 intelligendum
893 1198 944 1257 est,
970 1187 1043 1243 sicut
1066 1206 1220 1262 supraup,
1234 1219 1270 1255 ω
1284 1214 1329 1256 ,nd
1345 1219 1369 1256 to

170 1271 356 1346 interpretati
363 1291 462 1328 sumus
473 1274 508 1329 de
532 1274 773 1329 manducantibus
784 1285 811 1329 et
822 1274 981 1330 bibentibus
997 1286 1063 1330 ante
1079 1274 1152 1329 dilu·
1166 1263 1372 1360 Ἢξζεάῐιὴᾶῑαέὅι

171 1358 256 1426 rium,
279 1359 367 1415 idest
390 1361 466 1416 male
483 1362 662 1417 manducare
684 1371 711 1416 et
732 1361 828 1416 bibere
847 1361 955 1417 scilicet
976 1380 1040 1417 cum
1057 1362 1154 1438 ebriis,
1167 1329 1372 1413 wiuidmnhards.

131 1456 158 1485 ¹0
169 1445 199 1498 id
222 1457 273 1516 est,
298 1465 362 1502 cum
384 1449 596 1522 peccatoribus,
632 1448 682 1522 qui
703 1448 921 1504 tenebrosorum
946 1460 1063 1504 actuum
1089 1448 1154 1504 uiuo

169 1533 242 1587 ebrii
263 1545 338 1601 sunt,
363 1536 398 1590 de
421 1535 521 1608 quibus
544 1546 570 1591 et
594 1535 705 1590 Paulus
728 1535 811 1590 dicit.-
835 1535 911 1590 Nam
935 1535 984 1609 qui
1006 1535 1155 1591 dormiunt

168 1631 249 1676 nocte
273 1621 430 1693 dormiunt,
454 1633 481 1678 et
504 1623 554 1698 qui
568 1623 750 1678 inebriantur
772 1632 853 1677 nocte
869 1622 943 1678 ebrii
963 1634 1039 1678 sunt.
1071 1623 1155 1678 Vides

168 1724 241 1783 ergo
258 1709 325 1781 quia
349 1728 404 1764 nou
420 1710 599 1779 manducare
622 1720 648 1765 et
671 1710 767 1765 bibere
782 1710 983 1766 sacerdotibus
1002 1721 1153 1787 peccatum

168 1805 210 1850 est
232 1796 284 1850 sed
308 1813 372 1851 cum
396 1796 484 1852 ebriis
507 1797 687 1853 manducare
714 1808 741 1852 et
763 1797 868 1869 bibere,
904 1797 934 1851 id
957 1807 1008 1867 est,
1033 1816 1088 1853 non
1112 1797 1155 1854 sic

130 1882 512 1957 15iuniiducarequomodo
545 1884 619 1939 ebrii
645 1883 690 1938 illi
703 1886 851 1959 fecerant.
885 1883 951 1940 Non
975 1884 1049 1940 enim
1078 1884 1155 1940 iubet

169 1987 220 2025 nos
235 1970 384 2044 scriptura
401 1971 548 2027 siculorum
562 1989 707 2045 personas
730 1971 895 2026 abominari
913 1971 965 2027 sed
982 1971 1152 2028 uoluntates.

169 2055 244 2110 Nam
266 2056 401 2113 Christus
422 2077 487 2113 cum
502 2058 664 2133 publicanis
687 2068 713 2113 et
733 2057 937 2133 peccatoribus
958 2058 1153 2127 inartducauit,

167 2143 219 2198 sed
250 2162 305 2199 non
338 2146 379 2200 sic
406 2145 549 2219 quomodo
579 2145 728 2219 publicani
758 2156 785 2200 et
805 2155 976 2220 peccatores
1010 2145 1151 2200 uolebant.

167 2229 228 2286 Nec
253 2231 355 2286 vicium
388 2250 470 2287 suum
504 2232 649 2306 scripture
672 2232 750 2287 illius
779 2232 953 2287 auctoritate
975 2231 1080 2305 aliquis
1104 2232 1152 2288 de·

126 2327 157 2358 ²0
167 2317 286 2390 feudat,
329 2336 382 2392 que
424 2320 499 2375 iubet
534 2319 701 2375 sacerdotes
740 2319 897 2393 hospitales
940 2336 1002 2375 esse
1039 2319 1152 2374 debere.

167 2404 362 2479 Hospitalitas
394 2406 468 2462 euim
502 2425 557 2462 uon
581 2405 659 2461 circa
692 2406 843 2461 deliciosos
875 2405 952 2460 cibos
980 2416 1007 2460 et
1030 2424 1153 2482 magnos
1234 2429 1298 2475 Tm,

167 2493 339 2568 ostenditur,
370 2494 423 2548 sed
449 2494 529 2549 circa
563 2493 698 2550 assiduas
725 2493 922 2567 suscepciottes
950 2493 1151 2567 impoteucium
1195 2484 1339 2540 ¹¹⁰⁸Pi¹⁸¹i¹h

164 2579 405 2656 peregrinorum,
444 2593 474 2635 ut
507 2580 691 2655 hospitalitas
725 2591 825 2635 nostra
850 2597 905 2635 uon
929 2580 965 2635 ab
989 2579 1153 2635 hominibus

167 2665 303 2721 inridetur
334 2668 386 2721 sed
408 2686 425 2722 a
449 2668 513 2722 Deo
545 2668 701 2724 senciatur.
740 2667 817 2721 Nam
851 2665 988 2722 deliciosa
1021 2667 1151 2721 conuiuia

125 2757 154 2804 25
166 2754 262 2830 magis
286 2753 436 2809 luxuriam
453 2764 590 2810 accusant
611 2773 697 2829 quam
715 2754 922 2809 humanitatem
939 2754 1149 2809 commendant.

167 2839 214 2894 Sic
238 2841 311 2895 euim
336 2841 377 2896 ait
400 2842 558 2898 Salomon:
581 2841 625 2897 Ne
642 2841 795 2896 delecteris
818 2841 845 2896 in
870 2841 960 2895 multa
985 2840 1153 2914 epulacione

167 2944 216 2981 uec
240 2927 267 2981 in
291 2928 424 3005 turpibus
448 2939 475 2985 et
491 2929 620 2984 modicis.
646 2928 733 3006 Ergo
758 2946 809 2984 uec
825 2927 947 2983 multum
969 2926 1152 3003 permittitur

166 3031 216 3068 uec
233 3015 376 3070 modicum
400 3027 427 3071 et
447 3015 623 3090 preciosum.
655 3015 750 3071 Veniet
767 3015 900 3071 dominus
923 3014 983 3070 eius
999 3014 1072 3069 hora
1095 3033 1150 3090 qua

165 3101 252 3157 nescit
269 3112 296 3155 et
311 3102 420 3158 dividet
436 3120 499 3158 eum
513 3114 686 3178 partemque
701 3103 761 3158 eius
770 3113 859 3178 ponet
875 3120 939 3157 cum
957 3102 1109 3178 ypocritis
1124 3112 1151 3157 et

124 3193 155 3239 30
165 3186 335 3263 infidelibus.
355 3189 474 3245 Diuidet
489 3208 563 3261 eum,
581 3189 611 3244 id
626 3201 677 3260 est,
695 3190 731 3246 de
746 3189 895 3246 consorcio
911 3187 1150 3257 christianorum,

166 3285 195 3328 ut
219 3294 308 3349 neque
323 3294 386 3331 cum
403 3277 511 3332 sanctis
525 3276 712 3353 glorificetur
728 3294 816 3351 neque
831 3295 895 3332 cum
920 3275 954 3331 iis
977 3276 1027 3349 qui
1044 3276 1150 3332 medio·

165 3362 255 3416 criter
273 3363 463 3438 deliquerunt,
495 3365 681 3420 mediocriter
700 3364 851 3438 puniatur,
881 3364 933 3419 sed
957 3362 1056 3439 iunget
1087 3381 1150 3418 eum

165 3467 228 3503 cum
263 3449 426 3526 infidelibus
461 3463 487 3506 et
523 3451 683 3530 ypocritis,
730 3462 760 3506 ut
791 3468 913 3524 quorum
951 3449 1079 3504 imitatus
1109 3461 1151 3505 est

165 3554 261 3591 mores
283 3537 413 3611 ipsorum
427 3537 568 3612 puniatur
583 3537 708 3594 interitu.
740 3538 893 3605 Quomodo
906 3537 1047 3592 sacerdos
1062 3553 1151 3610 super

124 3627 276 3678 stioumem
302 3624 442 3698 populum
474 3624 674 3700 glorificatur,
704 3624 731 3680 si
752 3625 934 3699 benefecerit,
972 3640 1027 3677 nou
1055 3624 1149 3679 solum

161 3721 285 3784 propter
308 3730 391 3766 suam
415 3712 556 3766 iusticiam
588 3713 641 3767 sed
659 3723 785 3787 propter
808 3711 951 3777 omnium;
973 3709 1038 3782 quia
1062 3727 1149 3766 causa

216 3993 236 4032 7.
253 3982 273 4024 Α
288 3983 311 4025 ἰιι
327 3993 413 4035 marga
433 3981 507 4030 Nota;
525 3986 585 4024 sicut
594 3983 655 4024 euim
661 3981 731 4035 J'usta
746 3981 784 4023 ira
799 3993 845 4023 uon
859 3985 893 4023 est
907 3981 945 4023 ira
960 3981 1001 4024 sed
1012 3980 1149 4038 diligencia,

162 4036 195 4076 u'c
215 4034 275 4076 iusta
296 4034 431 4089 persecucio
449 4046 497 4076 nou
516 4037 550 4076 est
567 4033 702 4088 persecucio
715 4033 757 4076 sed
769 4033 898 4088 correpcs'o.
952 4045 974 4086 9.
990 4033 1020 4076 B:
1039 4036 1082 4077 sed
1099 4045 1149 4076 cum

164 4087 247 4129 atreis.
315 4097 391 4129 t1-12.
406 4085 495 4130 codd:
510 4087 540 4128 de
553 4085 731 4141 quibus-ebrii
741 4090 796 4127 sunt
809 4085 880 4128 deest.
953 4083 1032 4128 13.A:
1048 4087 1148 4148 quinon

163 4141 237 4182 sotum
260 4138 409 4181 manducare.
491 4150 523 4191 ¹4·
543 4139 576 4181 A:
597 4150 646 4180 cum
665 4137 735 4180 ebriis
750 4138 820 4180 deest.
901 4136 982 4189 14-15.
997 4140 1031 4181 A:
1046 4139 1072 4181 ut
1086 4142 1149 4181 est-

163 4191 306 4234 manducare
320 4191 390 4233 deest.
472 4189 499 4233 15.
516 4189 643 4233 Atebret'i.
726 4201 760 4231 so.
789 4191 822 4232 A:
838 4191 968 4244 quoiubet.
1045 4188 1147 4233 23.Ain

164 4255 249 4297 marg:
265 4243 295 4285 de
309 4243 477 4297 hospitalitate.
544 4241 576 4285 35.
592 4244 625 4285 A:
641 4242 715 4285 solum
730 4241 809 4292 deest;
826 4242 879 4284 ltin
895 4254 980 4295 marga
997 4242 1069 4285 addit.

169 4344 173 4352 '
220 4385 239 4418 t.
260 4370 419 4431 Proitou,
440 4382 480 4432 24.
552 4370 575 4420 3.
596 4366 797 4428 uanum.
867 4382 903 4416 tt.
923 4368 941 4416 1.
959 4366 1054 4418 Thess.
1073 4369 1105 4429 v,
1123 4383 1148 4434 7·

165 4439 204 4489 26.
224 4440 305 4488 Eccli.
324 4439 449 4500 xxxvii,
470 4440 512 4489 32.
